%% This BibTeX bibliography file was created using BibDesk.
%% http://bibdesk.sourceforge.net/


%% Created for QING Pei at 2011-10-11 13:45:37 +0800 


%% Saved with string encoding Unicode (UTF-8) 



@inproceedings{Antonie04miningpositive,
	Author = {Maria-Luiza Antonie and Osmar R. Za{\"\i}ane},
	Booktitle = {IN EUROPEAN PKDD CONF},
	Date-Added = {2011-10-11 02:52:11 +0000},
	Date-Modified = {2011-10-11 02:52:11 +0000},
	Pages = {27--38},
	Title = {Mining Positive and Negative Association Rules: An Approach for Confined Rules},
	Year = {2004},
	Bdsk-File-1 = {YnBsaXN0MDDUAQIDBAUIJidUJHRvcFgkb2JqZWN0c1gkdmVyc2lvblkkYXJjaGl2ZXLRBgdUcm9vdIABqAkKFRYXGyIjVSRudWxs0wsMDQ4RFFpOUy5vYmplY3RzV05TLmtleXNWJGNsYXNzog8QgASABqISE4ACgAOAB1lhbGlhc0RhdGFccmVsYXRpdmVQYXRo0hgNGRpXTlMuZGF0YU8RAloAAAAAAloAAgAADE1hY2ludG9zaCBIRAAAAAAAAAAAAAAAAAAAAMo84YNIKwAAAJ+OPh9NaW5pbmcgUG9zaXRpdmUgYW5kICM5RjhFMjcucGRmAAAAAAAAAAAAAAAAAAAAAAAAAAAAAAAAAAAAAAAAAAAAn44nyrnQSwAAAAAAAAAAAAEAAwAACSAAAAAAAAAAAAAAAAAAAAAHQW50b25pZQAAEAAIAADKPHEDAAAAEQAIAADKuV/LAAAAAQAcAJ+OPgCfi9QAIas0ACGnogAhfFoAIXuxAAC/MQACAHBNYWNpbnRvc2ggSEQ6VXNlcnM6AGVkd2FyZHRvZGF5OgBEcm9wYm94OgBQb2x5VToAQ09NUDUxMjE6AEFzc2lnbm1lbnQyOgBBbnRvbmllOgBNaW5pbmcgUG9zaXRpdmUgYW5kICM5RjhFMjcucGRmAA4AZgAyAE0AaQBuAGkAbgBnACAAUABvAHMAaQB0AGkAdgBlACAAYQBuAGQAIABOAGUAZwBhAHQAaQB2AGUAIABBAHMAcwBvAGMAaQBhAHQAaQBvAG4AIABSAHUAbABlAHMALgBwAGQAZgAPABoADABNAGEAYwBpAG4AdABvAHMAaAAgAEgARAASAG9Vc2Vycy9lZHdhcmR0b2RheS9Ecm9wYm94L1BvbHlVL0NPTVA1MTIxL0Fzc2lnbm1lbnQyL0FudG9uaWUvTWluaW5nIFBvc2l0aXZlIGFuZCBOZWdhdGl2ZSBBc3NvY2lhdGlvbiBSdWxlcy5wZGYAABMAAS8AABUAAgAS//8AAIAF0hwdHh9YJGNsYXNzZXNaJGNsYXNzbmFtZaMfICFdTlNNdXRhYmxlRGF0YVZOU0RhdGFYTlNPYmplY3RfEDpBbnRvbmllL01pbmluZyBQb3NpdGl2ZSBhbmQgTmVnYXRpdmUgQXNzb2NpYXRpb24gUnVsZXMucGRm0hwdJCWiJSFcTlNEaWN0aW9uYXJ5EgABhqBfEA9OU0tleWVkQXJjaGl2ZXIACAARABYAHwAoADIANQA6ADwARQBLAFIAXQBlAGwAbwBxAHMAdgB4AHoAfACGAJMAmACgAv4DAAMFAw4DGQMdAysDMgM7A3gDfQOAA40DkgAAAAAAAAIBAAAAAAAAACgAAAAAAAAAAAAAAAAAAAOk}}

@inproceedings{Savasere98miningfor,
	Author = {Ashok Savasere and Edward Omiecinski and Shamkant Navathe},
	Date-Added = {2011-10-11 02:51:07 +0000},
	Date-Modified = {2011-10-11 02:51:07 +0000},
	Pages = {494--502},
	Publisher = {IEEE Computer Society},
	Title = {Mining for Strong Negative Associations in a Large Database of Customer Transactions},
	Year = {1998},
	Bdsk-File-1 = {YnBsaXN0MDDUAQIDBAUIJidUJHRvcFgkb2JqZWN0c1gkdmVyc2lvblkkYXJjaGl2ZXLRBgdUcm9vdIABqAkKFRYXGyIjVSRudWxs0wsMDQ4RFFpOUy5vYmplY3RzV05TLmtleXNWJGNsYXNzog8QgASABqISE4ACgAOAB1lhbGlhc0RhdGFccmVsYXRpdmVQYXRo0hgNGRpXTlMuZGF0YU8RAmgAAAAAAmgAAgAADE1hY2ludG9zaCBIRAAAAAAAAAAAAAAAAAAAAMo84YNIKwAAAJ+MFB9NaW5pbmcgZm9yIFN0cm9uZyBOZSNBMDMwNzAucGRmAAAAAAAAAAAAAAAAAAAAAAAAAAAAAAAAAAAAAAAAAAAAoDBwyrn4pQAAAAAAAAAAAAEAAwAACSAAAAAAAAAAAAAAAAAAAAAIU2F2YXNlcmUAEAAIAADKPHEDAAAAEQAIAADKuYglAAAAAQAcAJ+MFACfi9QAIas0ACGnogAhfFoAIXuxAAC/MQACAHFNYWNpbnRvc2ggSEQ6VXNlcnM6AGVkd2FyZHRvZGF5OgBEcm9wYm94OgBQb2x5VToAQ09NUDUxMjE6AEFzc2lnbm1lbnQyOgBTYXZhc2VyZToATWluaW5nIGZvciBTdHJvbmcgTmUjQTAzMDcwLnBkZgAADgBuADYATQBpAG4AaQBuAGcAIABmAG8AcgAgAFMAdAByAG8AbgBnACAATgBlAGcAYQB0AGkAdgBlACAAQQBzAHMAbwBjAGkAYQB0AGkAbwBuAHMAIABpAG4AIABhACAATABhAHIAZwBlAC4AcABkAGYADwAaAAwATQBhAGMAaQBuAHQAbwBzAGgAIABIAEQAEgB0VXNlcnMvZWR3YXJkdG9kYXkvRHJvcGJveC9Qb2x5VS9DT01QNTEyMS9Bc3NpZ25tZW50Mi9TYXZhc2VyZS9NaW5pbmcgZm9yIFN0cm9uZyBOZWdhdGl2ZSBBc3NvY2lhdGlvbnMgaW4gYSBMYXJnZS5wZGYAEwABLwAAFQACABL//wAAgAXSHB0eH1gkY2xhc3Nlc1okY2xhc3NuYW1lox8gIV1OU011dGFibGVEYXRhVk5TRGF0YVhOU09iamVjdF8QP1NhdmFzZXJlL01pbmluZyBmb3IgU3Ryb25nIE5lZ2F0aXZlIEFzc29jaWF0aW9ucyBpbiBhIExhcmdlLnBkZtIcHSQloiUhXE5TRGljdGlvbmFyeRIAAYagXxAPTlNLZXllZEFyY2hpdmVyAAgAEQAWAB8AKAAyADUAOgA8AEUASwBSAF0AZQBsAG8AcQBzAHYAeAB6AHwAhgCTAJgAoAMMAw4DEwMcAycDKwM5A0ADSQOLA5ADkwOgA6UAAAAAAAACAQAAAAAAAAAoAAAAAAAAAAAAAAAAAAADtw==}}
