%% This BibTeX bibliography file was created using BibDesk.
%% http://bibdesk.sourceforge.net/


%% Created for QING Pei at 2012-02-01 19:36:00 +0800 


%% Saved with string encoding Unicode (UTF-8) 



@inproceedings{Zhang:2007:XIE:1325851.1325866,
	Acmid = {1325866},
	Author = {Zhang, Ying and Boncz, Peter},
	Booktitle = {Proceedings of the 33rd international conference on Very large data bases},
	Date-Added = {2012-02-01 11:27:34 +0000},
	Date-Modified = {2012-02-01 11:27:34 +0000},
	Isbn = {978-1-59593-649-3},
	Location = {Vienna, Austria},
	Numpages = {12},
	Pages = {99--110},
	Publisher = {VLDB Endowment},
	Series = {VLDB '07},
	Title = {XRPC: interoperable and efficient distributed XQuery},
	Url = {http://dl.acm.org/citation.cfm?id=1325851.1325866},
	Year = {2007},
	Bdsk-Url-1 = {http://dl.acm.org/citation.cfm?id=1325851.1325866},
	Bdsk-File-1 = {YnBsaXN0MDDUAQIDBAUIJidUJHRvcFgkb2JqZWN0c1gkdmVyc2lvblkkYXJjaGl2ZXLRBgdUcm9vdIABqAkKFRYXGyIjVSRudWxs0wsMDQ4RFFpOUy5vYmplY3RzV05TLmtleXNWJGNsYXNzog8QgASABqISE4ACgAOAB1lhbGlhc0RhdGFccmVsYXRpdmVQYXRo0hgNGRpXTlMuZGF0YU8RAoQAAAAAAoQAAgAADE1hY2ludG9zaCBIRAAAAAAAAAAAAAAAAAAAAMo84YNIKwAAAZ+DfB9YUlBDIGludGVyb3BlcmFibGUgIzE5Rjc3NDMucGRmAAAAAAAAAAAAAAAAAAAAAAAAAAAAAAAAAAAAAAAAAAABn3dDy09BQwAAAAAAAAAAAAEAAwAACSAAAAAAAAAAAAAAAAAAAAAFWmhhbmcAABAACAAAyjxxAwAAABEACAAAy07QwwAAAAEAIAGfg3wBn1i4AZ9UhAF8J+gAIaeiACF8WgAhe7EAAL8xAAIAfU1hY2ludG9zaCBIRDpVc2VyczoAZWR3YXJkdG9kYXk6AERyb3Bib3g6AFBvbHlVOgBDT01QNTMyMzoAVGVhbVByb2plY3Q6AFNlbGVjdGVkUGFwZXI6AFpoYW5nOgBYUlBDIGludGVyb3BlcmFibGUgIzE5Rjc3NDMucGRmAAAOAHAANwBYAFIAUABDACAAaQBuAHQAZQByAG8AcABlAHIAYQBiAGwAZQAgAGEAbgBkACAAZQBmAGYAaQBjAGkAZQBuAHQAIABkAGkAcwB0AHIAaQBiAHUAdABlAGQAIABYAFEAdQBlAHIAeQAuAHAAZABmAA8AGgAMAE0AYQBjAGkAbgB0AG8AcwBoACAASABEABIAgFVzZXJzL2Vkd2FyZHRvZGF5L0Ryb3Bib3gvUG9seVUvQ09NUDUzMjMvVGVhbVByb2plY3QvU2VsZWN0ZWRQYXBlci9aaGFuZy9YUlBDIGludGVyb3BlcmFibGUgYW5kIGVmZmljaWVudCBkaXN0cmlidXRlZCBYUXVlcnkucGRmABMAAS8AABUAAgAS//8AAIAF0hwdHh9YJGNsYXNzZXNaJGNsYXNzbmFtZaMfICFdTlNNdXRhYmxlRGF0YVZOU0RhdGFYTlNPYmplY3RfED1aaGFuZy9YUlBDIGludGVyb3BlcmFibGUgYW5kIGVmZmljaWVudCBkaXN0cmlidXRlZCBYUXVlcnkucGRm0hwdJCWiJSFcTlNEaWN0aW9uYXJ5EgABhqBfEA9OU0tleWVkQXJjaGl2ZXIACAARABYAHwAoADIANQA6ADwARQBLAFIAXQBlAGwAbwBxAHMAdgB4AHoAfACGAJMAmACgAygDKgMvAzgDQwNHA1UDXANlA6UDqgOtA7oDvwAAAAAAAAIBAAAAAAAAACgAAAAAAAAAAAAAAAAAAAPR}}

@article{Abiteboul:2008:AXP:1388503.1388517,
	Acmid = {1388517},
	Address = {Secaucus, NJ, USA},
	Author = {Abiteboul, Serge and Benjelloun, Omar and Milo, Tova},
	Date-Added = {2012-02-01 11:27:34 +0000},
	Date-Modified = {2012-02-01 11:27:34 +0000},
	Doi = {http://dx.doi.org/10.1007/s00778-007-0049-y},
	Issn = {1066-8888},
	Issue = {5},
	Issue_Date = {August 2008},
	Journal = {The VLDB Journal},
	Keywords = {Data exchange, Intensional information, Web services, XML},
	Month = {August},
	Numpages = {22},
	Pages = {1019--1040},
	Publisher = {Springer-Verlag New York, Inc.},
	Title = {The Active XML project: an overview},
	Url = {http://dx.doi.org/10.1007/s00778-007-0049-y},
	Volume = {17},
	Year = {2008},
	Bdsk-Url-1 = {http://dx.doi.org/10.1007/s00778-007-0049-y},
	Bdsk-File-1 = {YnBsaXN0MDDUAQIDBAUIJidUJHRvcFgkb2JqZWN0c1gkdmVyc2lvblkkYXJjaGl2ZXLRBgdUcm9vdIABqAkKFRYXGyIjVSRudWxs0wsMDQ4RFFpOUy5vYmplY3RzV05TLmtleXNWJGNsYXNzog8QgASABqISE4ACgAOAB1lhbGlhc0RhdGFccmVsYXRpdmVQYXRo0hgNGRpXTlMuZGF0YU8RAl4AAAAAAl4AAgAADE1hY2ludG9zaCBIRAAAAAAAAAAAAAAAAAAAAMo84YNIKwAAAZ+DeR9UaGUgQWN0aXZlIFhNTCBwcm9qIzE5RjYwMjIucGRmAAAAAAAAAAAAAAAAAAAAAAAAAAAAAAAAAAAAAAAAAAABn2Aiy08/SAAAAAAAAAAAAAEAAwAACSAAAAAAAAAAAAAAAAAAAAAJQWJpdGVib3VsAAAQAAgAAMo8cQMAAAARAAgAAMtOzsgAAAABACABn4N5AZ9YuAGfVIQBfCfoACGnogAhfFoAIXuxAAC/MQACAIFNYWNpbnRvc2ggSEQ6VXNlcnM6AGVkd2FyZHRvZGF5OgBEcm9wYm94OgBQb2x5VToAQ09NUDUzMjM6AFRlYW1Qcm9qZWN0OgBTZWxlY3RlZFBhcGVyOgBBYml0ZWJvdWw6AFRoZSBBY3RpdmUgWE1MIHByb2ojMTlGNjAyMi5wZGYAAA4ATgAmAFQAaABlACAAQQBjAHQAaQB2AGUAIABYAE0ATAAgAHAAcgBvAGoAZQBjAHQAIABhAG4AIABvAHYAZQByAHYAaQBlAHcALgBwAGQAZgAPABoADABNAGEAYwBpAG4AdABvAHMAaAAgAEgARAASAHNVc2Vycy9lZHdhcmR0b2RheS9Ecm9wYm94L1BvbHlVL0NPTVA1MzIzL1RlYW1Qcm9qZWN0L1NlbGVjdGVkUGFwZXIvQWJpdGVib3VsL1RoZSBBY3RpdmUgWE1MIHByb2plY3QgYW4gb3ZlcnZpZXcucGRmAAATAAEvAAAVAAIAEv//AACABdIcHR4fWCRjbGFzc2VzWiRjbGFzc25hbWWjHyAhXU5TTXV0YWJsZURhdGFWTlNEYXRhWE5TT2JqZWN0XxAwQWJpdGVib3VsL1RoZSBBY3RpdmUgWE1MIHByb2plY3QgYW4gb3ZlcnZpZXcucGRm0hwdJCWiJSFcTlNEaWN0aW9uYXJ5EgABhqBfEA9OU0tleWVkQXJjaGl2ZXIACAARABYAHwAoADIANQA6ADwARQBLAFIAXQBlAGwAbwBxAHMAdgB4AHoAfACGAJMAmACgAwIDBAMJAxIDHQMhAy8DNgM/A3IDdwN6A4cDjAAAAAAAAAIBAAAAAAAAACgAAAAAAAAAAAAAAAAAAAOe}}

@inproceedings{Bruno:2002:HTJ:564691.564727,
	Acmid = {564727},
	Address = {New York, NY, USA},
	Author = {Bruno, Nicolas and Koudas, Nick and Srivastava, Divesh},
	Booktitle = {Proceedings of the 2002 ACM SIGMOD international conference on Management of data},
	Date-Added = {2012-02-01 11:27:28 +0000},
	Date-Modified = {2012-02-01 11:27:28 +0000},
	Doi = {http://doi.acm.org/10.1145/564691.564727},
	Isbn = {1-58113-497-5},
	Location = {Madison, Wisconsin},
	Numpages = {12},
	Pages = {310--321},
	Publisher = {ACM},
	Series = {SIGMOD '02},
	Title = {Holistic twig joins: optimal XML pattern matching},
	Url = {http://doi.acm.org/10.1145/564691.564727},
	Year = {2002},
	Bdsk-Url-1 = {http://doi.acm.org/10.1145/564691.564727},
	Bdsk-File-1 = {YnBsaXN0MDDUAQIDBAUIJidUJHRvcFgkb2JqZWN0c1gkdmVyc2lvblkkYXJjaGl2ZXLRBgdUcm9vdIABqAkKFRYXGyIjVSRudWxs0wsMDQ4RFFpOUy5vYmplY3RzV05TLmtleXNWJGNsYXNzog8QgASABqISE4ACgAOAB1lhbGlhc0RhdGFccmVsYXRpdmVQYXRo0hgNGRpXTlMuZGF0YU8RAmAAAAAAAmAAAgAADE1hY2ludG9zaCBIRAAAAAAAAAAAAAAAAAAAAMo84YNIKwAAAZ+DkB9Ib2xpc3RpYyB0d2lnIGpvaW5zIzE5RjY2MjMucGRmAAAAAAAAAAAAAAAAAAAAAAAAAAAAAAAAAAAAAAAAAAABn2Yjy09ANgAAAAAAAAAAAAEAAwAACSAAAAAAAAAAAAAAAAAAAAAFQnJ1bm8AABAACAAAyjxxAwAAABEACAAAy07PtgAAAAEAIAGfg5ABn1i4AZ9UhAF8J+gAIaeiACF8WgAhe7EAAL8xAAIAfU1hY2ludG9zaCBIRDpVc2VyczoAZWR3YXJkdG9kYXk6AERyb3Bib3g6AFBvbHlVOgBDT01QNTMyMzoAVGVhbVByb2plY3Q6AFNlbGVjdGVkUGFwZXI6AEJydW5vOgBIb2xpc3RpYyB0d2lnIGpvaW5zIzE5RjY2MjMucGRmAAAOAFgAKwBIAG8AbABpAHMAdABpAGMAIAB0AHcAaQBnACAAagBvAGkAbgBzACAAbwBwAHQAaQBtAGEAbAAgAFgATQBMACAAcABhAHQAdABlAHIAbgAuAHAAZABmAA8AGgAMAE0AYQBjAGkAbgB0AG8AcwBoACAASABEABIAdFVzZXJzL2Vkd2FyZHRvZGF5L0Ryb3Bib3gvUG9seVUvQ09NUDUzMjMvVGVhbVByb2plY3QvU2VsZWN0ZWRQYXBlci9CcnVuby9Ib2xpc3RpYyB0d2lnIGpvaW5zIG9wdGltYWwgWE1MIHBhdHRlcm4ucGRmABMAAS8AABUAAgAS//8AAIAF0hwdHh9YJGNsYXNzZXNaJGNsYXNzbmFtZaMfICFdTlNNdXRhYmxlRGF0YVZOU0RhdGFYTlNPYmplY3RfEDFCcnVuby9Ib2xpc3RpYyB0d2lnIGpvaW5zIG9wdGltYWwgWE1MIHBhdHRlcm4ucGRm0hwdJCWiJSFcTlNEaWN0aW9uYXJ5EgABhqBfEA9OU0tleWVkQXJjaGl2ZXIACAARABYAHwAoADIANQA6ADwARQBLAFIAXQBlAGwAbwBxAHMAdgB4AHoAfACGAJMAmACgAwQDBgMLAxQDHwMjAzEDOANBA3UDegN9A4oDjwAAAAAAAAIBAAAAAAAAACgAAAAAAAAAAAAAAAAAAAOh}}

@inproceedings{Shanmugasundaram:1999:RDQ:645925.671499,
	Acmid = {671499},
	Address = {San Francisco, CA, USA},
	Author = {Shanmugasundaram, Jayavel and Tufte, Kristin and Zhang, Chun and He, Gang and DeWitt, David J. and Naughton, Jeffrey F.},
	Booktitle = {Proceedings of the 25th International Conference on Very Large Data Bases},
	Date-Added = {2012-02-01 11:27:28 +0000},
	Date-Modified = {2012-02-01 11:27:28 +0000},
	Isbn = {1-55860-615-7},
	Numpages = {13},
	Pages = {302--314},
	Publisher = {Morgan Kaufmann Publishers Inc.},
	Series = {VLDB '99},
	Title = {Relational Databases for Querying XML Documents: Limitations and Opportunities},
	Url = {http://dl.acm.org/citation.cfm?id=645925.671499},
	Year = {1999},
	Bdsk-Url-1 = {http://dl.acm.org/citation.cfm?id=645925.671499},
	Bdsk-File-1 = {YnBsaXN0MDDUAQIDBAUIJidUJHRvcFgkb2JqZWN0c1gkdmVyc2lvblkkYXJjaGl2ZXLRBgdUcm9vdIABqAkKFRYXGyIjVSRudWxs0wsMDQ4RFFpOUy5vYmplY3RzV05TLmtleXNWJGNsYXNzog8QgASABqISE4ACgAOAB1lhbGlhc0RhdGFccmVsYXRpdmVQYXRo0hgNGRpXTlMuZGF0YU8RArwAAAAAArwAAgAADE1hY2ludG9zaCBIRAAAAAAAAAAAAAAAAAAAAMo84YNIKwAAAZ+Dqh9SZWxhdGlvbmFsIERhdGFiYXNlIzE5Rjc1RjcucGRmAAAAAAAAAAAAAAAAAAAAAAAAAAAAAAAAAAAAAAAAAAABn3X3y09BFgAAAAAAAAAAAAEAAwAACSAAAAAAAAAAAAAAAAAAAAAQU2hhbm11Z2FzdW5kYXJhbQAQAAgAAMo8cQMAAAARAAgAAMtO0JYAAAABACABn4OqAZ9YuAGfVIQBfCfoACGnogAhfFoAIXuxAAC/MQACAIhNYWNpbnRvc2ggSEQ6VXNlcnM6AGVkd2FyZHRvZGF5OgBEcm9wYm94OgBQb2x5VToAQ09NUDUzMjM6AFRlYW1Qcm9qZWN0OgBTZWxlY3RlZFBhcGVyOgBTaGFubXVnYXN1bmRhcmFtOgBSZWxhdGlvbmFsIERhdGFiYXNlIzE5Rjc1RjcucGRmAA4AgAA/AFIAZQBsAGEAdABpAG8AbgBhAGwAIABEAGEAdABhAGIAYQBzAGUAcwAgAGYAbwByACAAUQB1AGUAcgB5AGkAbgBnACAAWABNAEwAIABEAG8AYwB1AG0AZQBuAHQAcwAgAEwAaQBtAGkAdABhAHQAaQBvAG4AcwAuAHAAZABmAA8AGgAMAE0AYQBjAGkAbgB0AG8AcwBoACAASABEABIAk1VzZXJzL2Vkd2FyZHRvZGF5L0Ryb3Bib3gvUG9seVUvQ09NUDUzMjMvVGVhbVByb2plY3QvU2VsZWN0ZWRQYXBlci9TaGFubXVnYXN1bmRhcmFtL1JlbGF0aW9uYWwgRGF0YWJhc2VzIGZvciBRdWVyeWluZyBYTUwgRG9jdW1lbnRzIExpbWl0YXRpb25zLnBkZgAAEwABLwAAFQACABL//wAAgAXSHB0eH1gkY2xhc3Nlc1okY2xhc3NuYW1lox8gIV1OU011dGFibGVEYXRhVk5TRGF0YVhOU09iamVjdF8QUFNoYW5tdWdhc3VuZGFyYW0vUmVsYXRpb25hbCBEYXRhYmFzZXMgZm9yIFF1ZXJ5aW5nIFhNTCBEb2N1bWVudHMgTGltaXRhdGlvbnMucGRm0hwdJCWiJSFcTlNEaWN0aW9uYXJ5EgABhqBfEA9OU0tleWVkQXJjaGl2ZXIACAARABYAHwAoADIANQA6ADwARQBLAFIAXQBlAGwAbwBxAHMAdgB4AHoAfACGAJMAmACgA2ADYgNnA3ADewN/A40DlAOdA/AD9QP4BAUECgAAAAAAAAIBAAAAAAAAACgAAAAAAAAAAAAAAAAAAAQc}}

@article{Ives:2002:XQE:764199.764206,
	Acmid = {764206},
	Address = {Secaucus, NJ, USA},
	Author = {Ives, Zachary G. and Halevy, A. Y. and Weld, D. S.},
	Date-Added = {2012-02-01 11:27:28 +0000},
	Date-Modified = {2012-02-01 11:27:28 +0000},
	Doi = {http://dx.doi.org/10.1007/s00778-002-0078-5},
	Issn = {1066-8888},
	Issue = {4},
	Journal = {The VLDB Journal},
	Keywords = {Data integration, Data streams, Query processing, Web and databases, XML},
	Month = {December},
	Numpages = {23},
	Pages = {380--402},
	Publisher = {Springer-Verlag New York, Inc.},
	Title = {An XML query engine for network-bound data},
	Url = {http://dx.doi.org/10.1007/s00778-002-0078-5},
	Volume = {11},
	Year = {2002},
	Bdsk-Url-1 = {http://dx.doi.org/10.1007/s00778-002-0078-5},
	Bdsk-File-1 = {YnBsaXN0MDDUAQIDBAUIJidUJHRvcFgkb2JqZWN0c1gkdmVyc2lvblkkYXJjaGl2ZXLRBgdUcm9vdIABqAkKFRYXGyIjVSRudWxs0wsMDQ4RFFpOUy5vYmplY3RzV05TLmtleXNWJGNsYXNzog8QgASABqISE4ACgAOAB1lhbGlhc0RhdGFccmVsYXRpdmVQYXRo0hgNGRpXTlMuZGF0YU8RAmQAAAAAAmQAAgAADE1hY2ludG9zaCBIRAAAAAAAAAAAAAAAAAAAAMo84YNIKwAAAZ+DgR9BbiBYTUwgcXVlcnkgZW5naW5lIzE5RjZEOEUucGRmAAAAAAAAAAAAAAAAAAAAAAAAAAAAAAAAAAAAAAAAAAABn22Oy09AlgAAAAAAAAAAAAEAAwAACSAAAAAAAAAAAAAAAAAAAAAESXZlcwAQAAgAAMo8cQMAAAARAAgAAMtO0BYAAAABACABn4OBAZ9YuAGfVIQBfCfoACGnogAhfFoAIXuxAAC/MQACAHxNYWNpbnRvc2ggSEQ6VXNlcnM6AGVkd2FyZHRvZGF5OgBEcm9wYm94OgBQb2x5VToAQ09NUDUzMjM6AFRlYW1Qcm9qZWN0OgBTZWxlY3RlZFBhcGVyOgBJdmVzOgBBbiBYTUwgcXVlcnkgZW5naW5lIzE5RjZEOEUucGRmAA4AXgAuAEEAbgAgAFgATQBMACAAcQB1AGUAcgB5ACAAZQBuAGcAaQBuAGUAIABmAG8AcgAgAG4AZQB0AHcAbwByAGsALQBiAG8AdQBuAGQAIABkAGEAdABhAC4AcABkAGYADwAaAAwATQBhAGMAaQBuAHQAbwBzAGgAIABIAEQAEgB2VXNlcnMvZWR3YXJkdG9kYXkvRHJvcGJveC9Qb2x5VS9DT01QNTMyMy9UZWFtUHJvamVjdC9TZWxlY3RlZFBhcGVyL0l2ZXMvQW4gWE1MIHF1ZXJ5IGVuZ2luZSBmb3IgbmV0d29yay1ib3VuZCBkYXRhLnBkZgATAAEvAAAVAAIAEv//AACABdIcHR4fWCRjbGFzc2VzWiRjbGFzc25hbWWjHyAhXU5TTXV0YWJsZURhdGFWTlNEYXRhWE5TT2JqZWN0XxAzSXZlcy9BbiBYTUwgcXVlcnkgZW5naW5lIGZvciBuZXR3b3JrLWJvdW5kIGRhdGEucGRm0hwdJCWiJSFcTlNEaWN0aW9uYXJ5EgABhqBfEA9OU0tleWVkQXJjaGl2ZXIACAARABYAHwAoADIANQA6ADwARQBLAFIAXQBlAGwAbwBxAHMAdgB4AHoAfACGAJMAmACgAwgDCgMPAxgDIwMnAzUDPANFA3sDgAODA5ADlQAAAAAAAAIBAAAAAAAAACgAAAAAAAAAAAAAAAAAAAOn}}

@inproceedings{Abiteboul:2003:DXD:872757.872821,
	Acmid = {872821},
	Address = {New York, NY, USA},
	Author = {Abiteboul, Serge and Bonifati, Angela and Cob\'{e}na, Gr\'{e}gory and Manolescu, Ioana and Milo, Tova},
	Booktitle = {Proceedings of the 2003 ACM SIGMOD international conference on Management of data},
	Date-Added = {2012-02-01 11:27:28 +0000},
	Date-Modified = {2012-02-01 11:27:28 +0000},
	Doi = {http://doi.acm.org/10.1145/872757.872821},
	Isbn = {1-58113-634-X},
	Location = {San Diego, California},
	Numpages = {12},
	Pages = {527--538},
	Publisher = {ACM},
	Series = {SIGMOD '03},
	Title = {Dynamic XML documents with distribution and replication},
	Url = {http://doi.acm.org/10.1145/872757.872821},
	Year = {2003},
	Bdsk-Url-1 = {http://doi.acm.org/10.1145/872757.872821},
	Bdsk-File-1 = {YnBsaXN0MDDUAQIDBAUIJidUJHRvcFgkb2JqZWN0c1gkdmVyc2lvblkkYXJjaGl2ZXLRBgdUcm9vdIABqAkKFRYXGyIjVSRudWxs0wsMDQ4RFFpOUy5vYmplY3RzV05TLmtleXNWJGNsYXNzog8QgASABqISE4ACgAOAB1lhbGlhc0RhdGFccmVsYXRpdmVQYXRo0hgNGRpXTlMuZGF0YU8RApwAAAAAApwAAgAADE1hY2ludG9zaCBIRAAAAAAAAAAAAAAAAAAAAMo84YNIKwAAAZ+DeR9EeW5hbWljIFhNTCBkb2N1bWVuIzE5RjYxN0EucGRmAAAAAAAAAAAAAAAAAAAAAAAAAAAAAAAAAAAAAAAAAAABn2F6y08/fAAAAAAAAAAAAAEAAwAACSAAAAAAAAAAAAAAAAAAAAAJQWJpdGVib3VsAAAQAAgAAMo8cQMAAAARAAgAAMtOzvwAAAABACABn4N5AZ9YuAGfVIQBfCfoACGnogAhfFoAIXuxAAC/MQACAIFNYWNpbnRvc2ggSEQ6VXNlcnM6AGVkd2FyZHRvZGF5OgBEcm9wYm94OgBQb2x5VToAQ09NUDUzMjM6AFRlYW1Qcm9qZWN0OgBTZWxlY3RlZFBhcGVyOgBBYml0ZWJvdWw6AER5bmFtaWMgWE1MIGRvY3VtZW4jMTlGNjE3QS5wZGYAAA4AeAA7AEQAeQBuAGEAbQBpAGMAIABYAE0ATAAgAGQAbwBjAHUAbQBlAG4AdABzACAAdwBpAHQAaAAgAGQAaQBzAHQAcgBpAGIAdQB0AGkAbwBuACAAYQBuAGQAIAByAGUAcABsAGkAYwBhAHQAaQBvAG4ALgBwAGQAZgAPABoADABNAGEAYwBpAG4AdABvAHMAaAAgAEgARAASAIhVc2Vycy9lZHdhcmR0b2RheS9Ecm9wYm94L1BvbHlVL0NPTVA1MzIzL1RlYW1Qcm9qZWN0L1NlbGVjdGVkUGFwZXIvQWJpdGVib3VsL0R5bmFtaWMgWE1MIGRvY3VtZW50cyB3aXRoIGRpc3RyaWJ1dGlvbiBhbmQgcmVwbGljYXRpb24ucGRmABMAAS8AABUAAgAS//8AAIAF0hwdHh9YJGNsYXNzZXNaJGNsYXNzbmFtZaMfICFdTlNNdXRhYmxlRGF0YVZOU0RhdGFYTlNPYmplY3RfEEVBYml0ZWJvdWwvRHluYW1pYyBYTUwgZG9jdW1lbnRzIHdpdGggZGlzdHJpYnV0aW9uIGFuZCByZXBsaWNhdGlvbi5wZGbSHB0kJaIlIVxOU0RpY3Rpb25hcnkSAAGGoF8QD05TS2V5ZWRBcmNoaXZlcgAIABEAFgAfACgAMgA1ADoAPABFAEsAUgBdAGUAbABvAHEAcwB2AHgAegB8AIYAkwCYAKADQANCA0cDUANbA18DbQN0A30DxQPKA80D2gPfAAAAAAAAAgEAAAAAAAAAKAAAAAAAAAAAAAAAAAAAA/E=}}

@inproceedings{2002:SJP:876875.879022,
	Acmid = {879022},
	Address = {Washington, DC, USA},
	Author = {Shurug Al-Khalifa and H. V. Jagadish and Nick Koudas and Jignesh M. Patel and Divesh Srivastava and Yuqing Wu},
	Booktitle = {Proceedings of the 18th International Conference on Data Engineering},
	Date-Added = {2012-02-01 11:27:28 +0000},
	Date-Modified = {2012-02-01 11:35:02 +0000},
	Key = {{$\!\!$}},
	Pages = {141--},
	Publisher = {IEEE Computer Society},
	Series = {ICDE '02},
	Title = {Structural Joins: A Primitive for Efficient XML Query Pattern Matching},
	Url = {http://dl.acm.org/citation.cfm?id=876875.879022},
	Year = {2002},
	Bdsk-Url-1 = {http://dl.acm.org/citation.cfm?id=876875.879022},
	Bdsk-File-1 = {YnBsaXN0MDDUAQIDBAUIJidUJHRvcFgkb2JqZWN0c1gkdmVyc2lvblkkYXJjaGl2ZXLRBgdUcm9vdIABqAkKFRYXGyIjVSRudWxs0wsMDQ4RFFpOUy5vYmplY3RzV05TLmtleXNWJGNsYXNzog8QgASABqISE4ACgAOAB1lhbGlhc0RhdGFccmVsYXRpdmVQYXRo0hgNGRpXTlMuZGF0YU8RApQAAAAAApQAAgAADE1hY2ludG9zaCBIRAAAAAAAAAAAAAAAAAAAAMo84YNIKwAAAZ+EKR9TdHJ1Y3R1cmFsIEpvaW5zIEEgIzE5RjYyMDAucGRmAAAAAAAAAAAAAAAAAAAAAAAAAAAAAAAAAAAAAAAAAAABn2IAy08/0gAAAAAAAAAAAAEAAwAACSAAAAAAAAAAAAAAAAAAAAAKQWwtS2hhbGlmYQAQAAgAAMo8cQMAAAARAAgAAMtOz1IAAAABACABn4QpAZ9YuAGfVIQBfCfoACGnogAhfFoAIXuxAAC/MQACAIJNYWNpbnRvc2ggSEQ6VXNlcnM6AGVkd2FyZHRvZGF5OgBEcm9wYm94OgBQb2x5VToAQ09NUDUzMjM6AFRlYW1Qcm9qZWN0OgBTZWxlY3RlZFBhcGVyOgBBbC1LaGFsaWZhOgBTdHJ1Y3R1cmFsIEpvaW5zIEEgIzE5RjYyMDAucGRmAA4AcgA4AFMAdAByAHUAYwB0AHUAcgBhAGwAIABKAG8AaQBuAHMAIABBACAAUAByAGkAbQBpAHQAaQB2AGUAIABmAG8AcgAgAEUAZgBmAGkAYwBpAGUAbgB0ACAAWABNAEwAIABRAHUAZQByAHkALgBwAGQAZgAPABoADABNAGEAYwBpAG4AdABvAHMAaAAgAEgARAASAIZVc2Vycy9lZHdhcmR0b2RheS9Ecm9wYm94L1BvbHlVL0NPTVA1MzIzL1RlYW1Qcm9qZWN0L1NlbGVjdGVkUGFwZXIvQWwtS2hhbGlmYS9TdHJ1Y3R1cmFsIEpvaW5zIEEgUHJpbWl0aXZlIGZvciBFZmZpY2llbnQgWE1MIFF1ZXJ5LnBkZgATAAEvAAAVAAIAEv//AACABdIcHR4fWCRjbGFzc2VzWiRjbGFzc25hbWWjHyAhXU5TTXV0YWJsZURhdGFWTlNEYXRhWE5TT2JqZWN0XxBDQWwtS2hhbGlmYS9TdHJ1Y3R1cmFsIEpvaW5zIEEgUHJpbWl0aXZlIGZvciBFZmZpY2llbnQgWE1MIFF1ZXJ5LnBkZtIcHSQloiUhXE5TRGljdGlvbmFyeRIAAYagXxAPTlNLZXllZEFyY2hpdmVyAAgAEQAWAB8AKAAyADUAOgA8AEUASwBSAF0AZQBsAG8AcQBzAHYAeAB6AHwAhgCTAJgAoAM4AzoDPwNIA1MDVwNlA2wDdQO7A8ADwwPQA9UAAAAAAAACAQAAAAAAAAAoAAAAAAAAAAAAAAAAAAAD5w==}}

@article{Miklau:2004:CEF:962446.962448,
	Acmid = {962448},
	Address = {New York, NY, USA},
	Author = {Miklau, Gerome and Suciu, Dan},
	Date-Added = {2012-02-01 11:27:28 +0000},
	Date-Modified = {2012-02-01 11:27:28 +0000},
	Doi = {http://doi.acm.org/10.1145/962446.962448},
	Issn = {0004-5411},
	Issue = {1},
	Journal = {J. ACM},
	Keywords = {Tree pattern matching, XPath expressions, query containment, query equivalence},
	Month = {January},
	Numpages = {44},
	Pages = {2--45},
	Publisher = {ACM},
	Title = {Containment and equivalence for a fragment of XPath},
	Url = {http://doi.acm.org/10.1145/962446.962448},
	Volume = {51},
	Year = {2004},
	Bdsk-Url-1 = {http://doi.acm.org/10.1145/962446.962448},
	Bdsk-File-1 = {YnBsaXN0MDDUAQIDBAUIJidUJHRvcFgkb2JqZWN0c1gkdmVyc2lvblkkYXJjaGl2ZXLRBgdUcm9vdIABqAkKFRYXGyIjVSRudWxs0wsMDQ4RFFpOUy5vYmplY3RzV05TLmtleXNWJGNsYXNzog8QgASABqISE4ACgAOAB1lhbGlhc0RhdGFccmVsYXRpdmVQYXRo0hgNGRpXTlMuZGF0YU8RAoYAAAAAAoYAAgAADE1hY2ludG9zaCBIRAAAAAAAAAAAAAAAAAAAAMo84YNIKwAAAZ+DjR9Db250YWlubWVudCBhbmQgZXF1IzE5RjcxNkQucGRmAAAAAAAAAAAAAAAAAAAAAAAAAAAAAAAAAAAAAAAAAAABn3Fty09ArgAAAAAAAAAAAAEAAwAACSAAAAAAAAAAAAAAAAAAAAAGTWlrbGF1ABAACAAAyjxxAwAAABEACAAAy07QLgAAAAEAIAGfg40Bn1i4AZ9UhAF8J+gAIaeiACF8WgAhe7EAAL8xAAIAfk1hY2ludG9zaCBIRDpVc2VyczoAZWR3YXJkdG9kYXk6AERyb3Bib3g6AFBvbHlVOgBDT01QNTMyMzoAVGVhbVByb2plY3Q6AFNlbGVjdGVkUGFwZXI6AE1pa2xhdToAQ29udGFpbm1lbnQgYW5kIGVxdSMxOUY3MTZELnBkZgAOAHAANwBDAG8AbgB0AGEAaQBuAG0AZQBuAHQAIABhAG4AZAAgAGUAcQB1AGkAdgBhAGwAZQBuAGMAZQAgAGYAbwByACAAYQAgAGYAcgBhAGcAbQBlAG4AdAAgAG8AZgAgAFgAUABhAHQAaAAuAHAAZABmAA8AGgAMAE0AYQBjAGkAbgB0AG8AcwBoACAASABEABIAgVVzZXJzL2Vkd2FyZHRvZGF5L0Ryb3Bib3gvUG9seVUvQ09NUDUzMjMvVGVhbVByb2plY3QvU2VsZWN0ZWRQYXBlci9NaWtsYXUvQ29udGFpbm1lbnQgYW5kIGVxdWl2YWxlbmNlIGZvciBhIGZyYWdtZW50IG9mIFhQYXRoLnBkZgAAEwABLwAAFQACABL//wAAgAXSHB0eH1gkY2xhc3Nlc1okY2xhc3NuYW1lox8gIV1OU011dGFibGVEYXRhVk5TRGF0YVhOU09iamVjdF8QPk1pa2xhdS9Db250YWlubWVudCBhbmQgZXF1aXZhbGVuY2UgZm9yIGEgZnJhZ21lbnQgb2YgWFBhdGgucGRm0hwdJCWiJSFcTlNEaWN0aW9uYXJ5EgABhqBfEA9OU0tleWVkQXJjaGl2ZXIACAARABYAHwAoADIANQA6ADwARQBLAFIAXQBlAGwAbwBxAHMAdgB4AHoAfACGAJMAmACgAyoDLAMxAzoDRQNJA1cDXgNnA6gDrQOwA70DwgAAAAAAAAIBAAAAAAAAACgAAAAAAAAAAAAAAAAAAAPU}}

@inproceedings{Zhang:2004:SPS:977401.978103,
	Acmid = {978103},
	Address = {Washington, DC, USA},
	Author = {Zhang, Ning and Kacholia, Varun and \"{O}zsu, M. Tamer},
	Booktitle = {Proceedings of the 20th International Conference on Data Engineering},
	Date-Added = {2012-02-01 11:27:28 +0000},
	Date-Modified = {2012-02-01 11:27:28 +0000},
	Isbn = {0-7695-2065-0},
	Pages = {54--},
	Publisher = {IEEE Computer Society},
	Series = {ICDE '04},
	Title = {A Succinct Physical Storage Scheme for Efficient Evaluation of Path Queries in XML},
	Url = {http://dl.acm.org/citation.cfm?id=977401.978103},
	Year = {2004},
	Bdsk-Url-1 = {http://dl.acm.org/citation.cfm?id=977401.978103},
	Bdsk-File-1 = {YnBsaXN0MDDUAQIDBAUIJidUJHRvcFgkb2JqZWN0c1gkdmVyc2lvblkkYXJjaGl2ZXLRBgdUcm9vdIABqAkKFRYXGyIjVSRudWxs0wsMDQ4RFFpOUy5vYmplY3RzV05TLmtleXNWJGNsYXNzog8QgASABqISE4ACgAOAB1lhbGlhc0RhdGFccmVsYXRpdmVQYXRo0hgNGRpXTlMuZGF0YU8RAnwAAAAAAnwAAgAADE1hY2ludG9zaCBIRAAAAAAAAAAAAAAAAAAAAMo84YNIKwAAAZ+DfB9BIFN1Y2NpbmN0IFBoeXNpY2FsIzE5Rjc5RjMucGRmAAAAAAAAAAAAAAAAAAAAAAAAAAAAAAAAAAAAAAAAAAABn3nzy09BfQAAAAAAAAAAAAEAAwAACSAAAAAAAAAAAAAAAAAAAAAFWmhhbmcAABAACAAAyjxxAwAAABEACAAAy07Q/QAAAAEAIAGfg3wBn1i4AZ9UhAF8J+gAIaeiACF8WgAhe7EAAL8xAAIAfU1hY2ludG9zaCBIRDpVc2VyczoAZWR3YXJkdG9kYXk6AERyb3Bib3g6AFBvbHlVOgBDT01QNTMyMzoAVGVhbVByb2plY3Q6AFNlbGVjdGVkUGFwZXI6AFpoYW5nOgBBIFN1Y2NpbmN0IFBoeXNpY2FsIzE5Rjc5RjMucGRmAAAOAGoANABBACAAUwB1AGMAYwBpAG4AYwB0ACAAUABoAHkAcwBpAGMAYQBsACAAUwB0AG8AcgBhAGcAZQAgAFMAYwBoAGUAbQBlACAAZgBvAHIAIABFAGYAZgBpAGMAaQBlAG4AdAAuAHAAZABmAA8AGgAMAE0AYQBjAGkAbgB0AG8AcwBoACAASABEABIAfVVzZXJzL2Vkd2FyZHRvZGF5L0Ryb3Bib3gvUG9seVUvQ09NUDUzMjMvVGVhbVByb2plY3QvU2VsZWN0ZWRQYXBlci9aaGFuZy9BIFN1Y2NpbmN0IFBoeXNpY2FsIFN0b3JhZ2UgU2NoZW1lIGZvciBFZmZpY2llbnQucGRmAAATAAEvAAAVAAIAEv//AACABdIcHR4fWCRjbGFzc2VzWiRjbGFzc25hbWWjHyAhXU5TTXV0YWJsZURhdGFWTlNEYXRhWE5TT2JqZWN0XxA6WmhhbmcvQSBTdWNjaW5jdCBQaHlzaWNhbCBTdG9yYWdlIFNjaGVtZSBmb3IgRWZmaWNpZW50LnBkZtIcHSQloiUhXE5TRGljdGlvbmFyeRIAAYagXxAPTlNLZXllZEFyY2hpdmVyAAgAEQAWAB8AKAAyADUAOgA8AEUASwBSAF0AZQBsAG8AcQBzAHYAeAB6AHwAhgCTAJgAoAMgAyIDJwMwAzsDPwNNA1QDXQOaA58DogOvA7QAAAAAAAACAQAAAAAAAAAoAAAAAAAAAAAAAAAAAAADxg==}}

@inproceedings{Brantner:2005:FAX:1053724.1054110,
	Acmid = {1054110},
	Address = {Washington, DC, USA},
	Author = {Brantner, Matthias and Helmer, Sven and Kanne, Carl-Christian and Moerkotte, Guido},
	Booktitle = {Proceedings of the 21st International Conference on Data Engineering},
	Date-Added = {2012-02-01 11:27:28 +0000},
	Date-Modified = {2012-02-01 11:27:28 +0000},
	Doi = {http://dx.doi.org/10.1109/ICDE.2005.69},
	Isbn = {0-7695-2285-8},
	Numpages = {12},
	Pages = {705--716},
	Publisher = {IEEE Computer Society},
	Series = {ICDE '05},
	Title = {Full-Fledged Algebraic XPath Processing in Natix},
	Url = {http://dx.doi.org/10.1109/ICDE.2005.69},
	Year = {2005},
	Bdsk-Url-1 = {http://dx.doi.org/10.1109/ICDE.2005.69},
	Bdsk-File-1 = {YnBsaXN0MDDUAQIDBAUIJidUJHRvcFgkb2JqZWN0c1gkdmVyc2lvblkkYXJjaGl2ZXLRBgdUcm9vdIABqAkKFRYXGyIjVSRudWxs0wsMDQ4RFFpOUy5vYmplY3RzV05TLmtleXNWJGNsYXNzog8QgASABqISE4ACgAOAB1lhbGlhc0RhdGFccmVsYXRpdmVQYXRo0hgNGRpXTlMuZGF0YU8RAoIAAAAAAoIAAgAADE1hY2ludG9zaCBIRAAAAAAAAAAAAAAAAAAAAMo84YNIKwAAAZ+Ddx9GdWxsLUZsZWRnZWQgQWxnZWJyIzE5RjYyNjEucGRmAAAAAAAAAAAAAAAAAAAAAAAAAAAAAAAAAAAAAAAAAAABn2Jhy09AFwAAAAAAAAAAAAEAAwAACSAAAAAAAAAAAAAAAAAAAAAIQnJhbnRuZXIAEAAIAADKPHEDAAAAEQAIAADLTs+XAAAAAQAgAZ+DdwGfWLgBn1SEAXwn6AAhp6IAIXxaACF7sQAAvzEAAgCATWFjaW50b3NoIEhEOlVzZXJzOgBlZHdhcmR0b2RheToARHJvcGJveDoAUG9seVU6AENPTVA1MzIzOgBUZWFtUHJvamVjdDoAU2VsZWN0ZWRQYXBlcjoAQnJhbnRuZXI6AEZ1bGwtRmxlZGdlZCBBbGdlYnIjMTlGNjI2MS5wZGYADgBqADQARgB1AGwAbAAtAEYAbABlAGQAZwBlAGQAIABBAGwAZwBlAGIAcgBhAGkAYwAgAFgAUABhAHQAaAAgAFAAcgBvAGMAZQBzAHMAaQBuAGcAIABpAG4AIABOAGEAdABpAHgALgBwAGQAZgAPABoADABNAGEAYwBpAG4AdABvAHMAaAAgAEgARAASAIBVc2Vycy9lZHdhcmR0b2RheS9Ecm9wYm94L1BvbHlVL0NPTVA1MzIzL1RlYW1Qcm9qZWN0L1NlbGVjdGVkUGFwZXIvQnJhbnRuZXIvRnVsbC1GbGVkZ2VkIEFsZ2VicmFpYyBYUGF0aCBQcm9jZXNzaW5nIGluIE5hdGl4LnBkZgATAAEvAAAVAAIAEv//AACABdIcHR4fWCRjbGFzc2VzWiRjbGFzc25hbWWjHyAhXU5TTXV0YWJsZURhdGFWTlNEYXRhWE5TT2JqZWN0XxA9QnJhbnRuZXIvRnVsbC1GbGVkZ2VkIEFsZ2VicmFpYyBYUGF0aCBQcm9jZXNzaW5nIGluIE5hdGl4LnBkZtIcHSQloiUhXE5TRGljdGlvbmFyeRIAAYagXxAPTlNLZXllZEFyY2hpdmVyAAgAEQAWAB8AKAAyADUAOgA8AEUASwBSAF0AZQBsAG8AcQBzAHYAeAB6AHwAhgCTAJgAoAMmAygDLQM2A0EDRQNTA1oDYwOjA6gDqwO4A70AAAAAAAACAQAAAAAAAAAoAAAAAAAAAAAAAAAAAAADzw==}}

@inproceedings{Kanne:2005:CRN:1066157.1066242,
	Acmid = {1066242},
	Address = {New York, NY, USA},
	Author = {Kanne, Carl-Christian and Brantner, Matthias and Moerkotte, Guido},
	Booktitle = {Proceedings of the 2005 ACM SIGMOD international conference on Management of data},
	Date-Added = {2012-02-01 11:27:28 +0000},
	Date-Modified = {2012-02-01 11:27:28 +0000},
	Doi = {http://doi.acm.org/10.1145/1066157.1066242},
	Isbn = {1-59593-060-4},
	Location = {Baltimore, Maryland},
	Numpages = {12},
	Pages = {742--753},
	Publisher = {ACM},
	Series = {SIGMOD '05},
	Title = {Cost-sensitive reordering of navigational primitives},
	Url = {http://doi.acm.org/10.1145/1066157.1066242},
	Year = {2005},
	Bdsk-Url-1 = {http://doi.acm.org/10.1145/1066157.1066242},
	Bdsk-File-1 = {YnBsaXN0MDDUAQIDBAUIJidUJHRvcFgkb2JqZWN0c1gkdmVyc2lvblkkYXJjaGl2ZXLRBgdUcm9vdIABqAkKFRYXGyIjVSRudWxs0wsMDQ4RFFpOUy5vYmplY3RzV05TLmtleXNWJGNsYXNzog8QgASABqISE4ACgAOAB1lhbGlhc0RhdGFccmVsYXRpdmVQYXRo0hgNGRpXTlMuZGF0YU8RAogAAAAAAogAAgAADE1hY2ludG9zaCBIRAAAAAAAAAAAAAAAAAAAAMo84YNIKwAAAZ+DnR9Db3N0LXNlbnNpdGl2ZSByZW9yIzE5RjZGQzAucGRmAAAAAAAAAAAAAAAAAAAAAAAAAAAAAAAAAAAAAAAAAAABn2/Ay09AogAAAAAAAAAAAAEAAwAACSAAAAAAAAAAAAAAAAAAAAAFS2FubmUAABAACAAAyjxxAwAAABEACAAAy07QIgAAAAEAIAGfg50Bn1i4AZ9UhAF8J+gAIaeiACF8WgAhe7EAAL8xAAIAfU1hY2ludG9zaCBIRDpVc2VyczoAZWR3YXJkdG9kYXk6AERyb3Bib3g6AFBvbHlVOgBDT01QNTMyMzoAVGVhbVByb2plY3Q6AFNlbGVjdGVkUGFwZXI6AEthbm5lOgBDb3N0LXNlbnNpdGl2ZSByZW9yIzE5RjZGQzAucGRmAAAOAHIAOABDAG8AcwB0AC0AcwBlAG4AcwBpAHQAaQB2AGUAIAByAGUAbwByAGQAZQByAGkAbgBnACAAbwBmACAAbgBhAHYAaQBnAGEAdABpAG8AbgBhAGwAIABwAHIAaQBtAGkAdABpAHYAZQBzAC4AcABkAGYADwAaAAwATQBhAGMAaQBuAHQAbwBzAGgAIABIAEQAEgCBVXNlcnMvZWR3YXJkdG9kYXkvRHJvcGJveC9Qb2x5VS9DT01QNTMyMy9UZWFtUHJvamVjdC9TZWxlY3RlZFBhcGVyL0thbm5lL0Nvc3Qtc2Vuc2l0aXZlIHJlb3JkZXJpbmcgb2YgbmF2aWdhdGlvbmFsIHByaW1pdGl2ZXMucGRmAAATAAEvAAAVAAIAEv//AACABdIcHR4fWCRjbGFzc2VzWiRjbGFzc25hbWWjHyAhXU5TTXV0YWJsZURhdGFWTlNEYXRhWE5TT2JqZWN0XxA+S2FubmUvQ29zdC1zZW5zaXRpdmUgcmVvcmRlcmluZyBvZiBuYXZpZ2F0aW9uYWwgcHJpbWl0aXZlcy5wZGbSHB0kJaIlIVxOU0RpY3Rpb25hcnkSAAGGoF8QD05TS2V5ZWRBcmNoaXZlcgAIABEAFgAfACgAMgA1ADoAPABFAEsAUgBdAGUAbABvAHEAcwB2AHgAegB8AIYAkwCYAKADLAMuAzMDPANHA0sDWQNgA2kDqgOvA7IDvwPEAAAAAAAAAgEAAAAAAAAAKAAAAAAAAAAAAAAAAAAAA9Y=}}

@inproceedings{Chan:2006:CDF:1153919.1154055,
	Acmid = {1154055},
	Address = {Washington, DC, USA},
	Author = {Chan, Chee-Yong and Ni, Yuan},
	Booktitle = {Proceedings of the 26th IEEE International Conference on Distributed Computing Systems},
	Date-Added = {2012-02-01 11:27:28 +0000},
	Date-Modified = {2012-02-01 11:27:28 +0000},
	Doi = {http://dx.doi.org/10.1109/ICDCS.2006.22},
	Isbn = {0-7695-2540-7},
	Pages = {44--},
	Publisher = {IEEE Computer Society},
	Series = {ICDCS '06},
	Title = {Content-based Dissemination of Fragmented XML Data},
	Url = {http://dx.doi.org/10.1109/ICDCS.2006.22},
	Year = {2006},
	Bdsk-Url-1 = {http://dx.doi.org/10.1109/ICDCS.2006.22},
	Bdsk-File-1 = {YnBsaXN0MDDUAQIDBAUIJidUJHRvcFgkb2JqZWN0c1gkdmVyc2lvblkkYXJjaGl2ZXLRBgdUcm9vdIABqAkKFRYXGyIjVSRudWxs0wsMDQ4RFFpOUy5vYmplY3RzV05TLmtleXNWJGNsYXNzog8QgASABqISE4ACgAOAB1lhbGlhc0RhdGFccmVsYXRpdmVQYXRo0hgNGRpXTlMuZGF0YU8RAnwAAAAAAnwAAgAADE1hY2ludG9zaCBIRAAAAAAAAAAAAAAAAAAAAMo84YNIKwAAAZ+DhB9Db250ZW50LWJhc2VkIERpc3NlIzE5RjY5MzcucGRmAAAAAAAAAAAAAAAAAAAAAAAAAAAAAAAAAAAAAAAAAAABn2k3y09AZQAAAAAAAAAAAAEAAwAACSAAAAAAAAAAAAAAAAAAAAAEQ2hhbgAQAAgAAMo8cQMAAAARAAgAAMtOz+UAAAABACABn4OEAZ9YuAGfVIQBfCfoACGnogAhfFoAIXuxAAC/MQACAHxNYWNpbnRvc2ggSEQ6VXNlcnM6AGVkd2FyZHRvZGF5OgBEcm9wYm94OgBQb2x5VToAQ09NUDUzMjM6AFRlYW1Qcm9qZWN0OgBTZWxlY3RlZFBhcGVyOgBDaGFuOgBDb250ZW50LWJhc2VkIERpc3NlIzE5RjY5MzcucGRmAA4AbgA2AEMAbwBuAHQAZQBuAHQALQBiAGEAcwBlAGQAIABEAGkAcwBzAGUAbQBpAG4AYQB0AGkAbwBuACAAbwBmACAARgByAGEAZwBtAGUAbgB0AGUAZAAgAFgATQBMACAARABhAHQAYQAuAHAAZABmAA8AGgAMAE0AYQBjAGkAbgB0AG8AcwBoACAASABEABIAflVzZXJzL2Vkd2FyZHRvZGF5L0Ryb3Bib3gvUG9seVUvQ09NUDUzMjMvVGVhbVByb2plY3QvU2VsZWN0ZWRQYXBlci9DaGFuL0NvbnRlbnQtYmFzZWQgRGlzc2VtaW5hdGlvbiBvZiBGcmFnbWVudGVkIFhNTCBEYXRhLnBkZgATAAEvAAAVAAIAEv//AACABdIcHR4fWCRjbGFzc2VzWiRjbGFzc25hbWWjHyAhXU5TTXV0YWJsZURhdGFWTlNEYXRhWE5TT2JqZWN0XxA7Q2hhbi9Db250ZW50LWJhc2VkIERpc3NlbWluYXRpb24gb2YgRnJhZ21lbnRlZCBYTUwgRGF0YS5wZGbSHB0kJaIlIVxOU0RpY3Rpb25hcnkSAAGGoF8QD05TS2V5ZWRBcmNoaXZlcgAIABEAFgAfACgAMgA1ADoAPABFAEsAUgBdAGUAbABvAHEAcwB2AHgAegB8AIYAkwCYAKADIAMiAycDMAM7Az8DTQNUA10DmwOgA6MDsAO1AAAAAAAAAgEAAAAAAAAAKAAAAAAAAAAAAAAAAAAAA8c=}}

@inproceedings{Buneman:2006:UPE:1182635.1164147,
	Acmid = {1164147},
	Author = {Buneman, Peter and Cong, Gao and Fan, Wenfei and Kementsietsidis, Anastasios},
	Booktitle = {Proceedings of the 32nd international conference on Very large data bases},
	Date-Added = {2012-02-01 11:27:28 +0000},
	Date-Modified = {2012-02-01 11:27:28 +0000},
	Location = {Seoul, Korea},
	Numpages = {12},
	Pages = {211--222},
	Publisher = {VLDB Endowment},
	Series = {VLDB '06},
	Title = {Using partial evaluation in distributed query evaluation},
	Url = {http://dl.acm.org/citation.cfm?id=1182635.1164147},
	Year = {2006},
	Bdsk-Url-1 = {http://dl.acm.org/citation.cfm?id=1182635.1164147},
	Bdsk-File-1 = {YnBsaXN0MDDUAQIDBAUIJidUJHRvcFgkb2JqZWN0c1gkdmVyc2lvblkkYXJjaGl2ZXLRBgdUcm9vdIABqAkKFRYXGyIjVSRudWxs0wsMDQ4RFFpOUy5vYmplY3RzV05TLmtleXNWJGNsYXNzog8QgASABqISE4ACgAOAB1lhbGlhc0RhdGFccmVsYXRpdmVQYXRo0hgNGRpXTlMuZGF0YU8RAngAAAAAAngAAgAADE1hY2ludG9zaCBIRAAAAAAAAAAAAAAAAAAAAMo84YNIKwAAAZ+Dpx9Vc2luZyBwYXJ0aWFsIGV2YWx1IzE5RjY4MEQucGRmAAAAAAAAAAAAAAAAAAAAAAAAAAAAAAAAAAAAAAAAAAABn2gNy09ASgAAAAAAAAAAAAEAAwAACSAAAAAAAAAAAAAAAAAAAAAHQnVuZW1hbgAAEAAIAADKPHEDAAAAEQAIAADLTs/KAAAAAQAgAZ+DpwGfWLgBn1SEAXwn6AAhp6IAIXxaACF7sQAAvzEAAgB/TWFjaW50b3NoIEhEOlVzZXJzOgBlZHdhcmR0b2RheToARHJvcGJveDoAUG9seVU6AENPTVA1MzIzOgBUZWFtUHJvamVjdDoAU2VsZWN0ZWRQYXBlcjoAQnVuZW1hbjoAVXNpbmcgcGFydGlhbCBldmFsdSMxOUY2ODBELnBkZgAADgBkADEAVQBzAGkAbgBnACAAcABhAHIAdABpAGEAbAAgAGUAdgBhAGwAdQBhAHQAaQBvAG4AIABpAG4AIABkAGkAcwB0AHIAaQBiAHUAdABlAGQAIABxAHUAZQByAHkALgBwAGQAZgAPABoADABNAGEAYwBpAG4AdABvAHMAaAAgAEgARAASAHxVc2Vycy9lZHdhcmR0b2RheS9Ecm9wYm94L1BvbHlVL0NPTVA1MzIzL1RlYW1Qcm9qZWN0L1NlbGVjdGVkUGFwZXIvQnVuZW1hbi9Vc2luZyBwYXJ0aWFsIGV2YWx1YXRpb24gaW4gZGlzdHJpYnV0ZWQgcXVlcnkucGRmABMAAS8AABUAAgAS//8AAIAF0hwdHh9YJGNsYXNzZXNaJGNsYXNzbmFtZaMfICFdTlNNdXRhYmxlRGF0YVZOU0RhdGFYTlNPYmplY3RfEDlCdW5lbWFuL1VzaW5nIHBhcnRpYWwgZXZhbHVhdGlvbiBpbiBkaXN0cmlidXRlZCBxdWVyeS5wZGbSHB0kJaIlIVxOU0RpY3Rpb25hcnkSAAGGoF8QD05TS2V5ZWRBcmNoaXZlcgAIABEAFgAfACgAMgA1ADoAPABFAEsAUgBdAGUAbABvAHEAcwB2AHgAegB8AIYAkwCYAKADHAMeAyMDLAM3AzsDSQNQA1kDlQOaA50DqgOvAAAAAAAAAgEAAAAAAAAAKAAAAAAAAAAAAAAAAAAAA8E=}}

@inproceedings{Cong:2007:DQE:1247480.1247537,
	Acmid = {1247537},
	Address = {New York, NY, USA},
	Author = {Cong, Gao and Fan, Wenfei and Kementsietsidis, Anastasios},
	Booktitle = {Proceedings of the 2007 ACM SIGMOD international conference on Management of data},
	Date-Added = {2012-02-01 11:27:28 +0000},
	Date-Modified = {2012-02-01 11:27:28 +0000},
	Doi = {http://doi.acm.org/10.1145/1247480.1247537},
	Isbn = {978-1-59593-686-8},
	Keywords = {Xpath queries, distributed XML documents, parallel query processing},
	Location = {Beijing, China},
	Numpages = {12},
	Pages = {509--520},
	Publisher = {ACM},
	Series = {SIGMOD '07},
	Title = {Distributed query evaluation with performance guarantees},
	Url = {http://doi.acm.org/10.1145/1247480.1247537},
	Year = {2007},
	Bdsk-Url-1 = {http://doi.acm.org/10.1145/1247480.1247537},
	Bdsk-File-1 = {YnBsaXN0MDDUAQIDBAUIJidUJHRvcFgkb2JqZWN0c1gkdmVyc2lvblkkYXJjaGl2ZXLRBgdUcm9vdIABqAkKFRYXGyIjVSRudWxs0wsMDQ4RFFpOUy5vYmplY3RzV05TLmtleXNWJGNsYXNzog8QgASABqISE4ACgAOAB1lhbGlhc0RhdGFccmVsYXRpdmVQYXRo0hgNGRpXTlMuZGF0YU8RAm4AAAAAAm4AAgAADE1hY2ludG9zaCBIRAAAAAAAAAAAAAAAAAAAAMo84YNIKwAAAZ+Dkx9EaXN0cmlidXRlZCBxdWVyeSBlIzE5RjZCMDQucGRmAAAAAAAAAAAAAAAAAAAAAAAAAAAAAAAAAAAAAAAAAAABn2sEy09AdgAAAAAAAAAAAAEAAwAACSAAAAAAAAAAAAAAAAAAAAAEQ29uZwAQAAgAAMo8cQMAAAARAAgAAMtOz/YAAAABACABn4OTAZ9YuAGfVIQBfCfoACGnogAhfFoAIXuxAAC/MQACAHxNYWNpbnRvc2ggSEQ6VXNlcnM6AGVkd2FyZHRvZGF5OgBEcm9wYm94OgBQb2x5VToAQ09NUDUzMjM6AFRlYW1Qcm9qZWN0OgBTZWxlY3RlZFBhcGVyOgBDb25nOgBEaXN0cmlidXRlZCBxdWVyeSBlIzE5RjZCMDQucGRmAA4AZAAxAEQAaQBzAHQAcgBpAGIAdQB0AGUAZAAgAHEAdQBlAHIAeQAgAGUAdgBhAGwAdQBhAHQAaQBvAG4AIAB3AGkAdABoACAAcABlAHIAZgBvAHIAbQBhAG4AYwBlAC4AcABkAGYADwAaAAwATQBhAGMAaQBuAHQAbwBzAGgAIABIAEQAEgB5VXNlcnMvZWR3YXJkdG9kYXkvRHJvcGJveC9Qb2x5VS9DT01QNTMyMy9UZWFtUHJvamVjdC9TZWxlY3RlZFBhcGVyL0NvbmcvRGlzdHJpYnV0ZWQgcXVlcnkgZXZhbHVhdGlvbiB3aXRoIHBlcmZvcm1hbmNlLnBkZgAAEwABLwAAFQACABL//wAAgAXSHB0eH1gkY2xhc3Nlc1okY2xhc3NuYW1lox8gIV1OU011dGFibGVEYXRhVk5TRGF0YVhOU09iamVjdF8QNkNvbmcvRGlzdHJpYnV0ZWQgcXVlcnkgZXZhbHVhdGlvbiB3aXRoIHBlcmZvcm1hbmNlLnBkZtIcHSQloiUhXE5TRGljdGlvbmFyeRIAAYagXxAPTlNLZXllZEFyY2hpdmVyAAgAEQAWAB8AKAAyADUAOgA8AEUASwBSAF0AZQBsAG8AcQBzAHYAeAB6AHwAhgCTAJgAoAMSAxQDGQMiAy0DMQM/A0YDTwOIA40DkAOdA6IAAAAAAAACAQAAAAAAAAAoAAAAAAAAAAAAAAAAAAADtA==}}

@inproceedings{Fernandez:2007:HDX:1247480.1247641,
	Acmid = {1247641},
	Address = {New York, NY, USA},
	Author = {Fern\`{a}ndez, Mary F. and Jim, Trevor and Morton, Kristi and Onose, Nicola and Sim\'{e}on, J\'{e}r\^{o}me},
	Booktitle = {Proceedings of the 2007 ACM SIGMOD international conference on Management of data},
	Date-Added = {2012-02-01 11:27:28 +0000},
	Date-Modified = {2012-02-01 11:27:28 +0000},
	Doi = {http://doi.acm.org/10.1145/1247480.1247641},
	Isbn = {978-1-59593-686-8},
	Keywords = {XML, XQuery, distribution, protocols},
	Location = {Beijing, China},
	Numpages = {3},
	Pages = {1159--1161},
	Publisher = {ACM},
	Series = {SIGMOD '07},
	Title = {Highly distributed XQuery with DXQ},
	Url = {http://doi.acm.org/10.1145/1247480.1247641},
	Year = {2007},
	Bdsk-Url-1 = {http://doi.acm.org/10.1145/1247480.1247641},
	Bdsk-File-1 = {YnBsaXN0MDDUAQIDBAUIJidUJHRvcFgkb2JqZWN0c1gkdmVyc2lvblkkYXJjaGl2ZXLRBgdUcm9vdIABqAkKFRYXGyIjVSRudWxs0wsMDQ4RFFpOUy5vYmplY3RzV05TLmtleXNWJGNsYXNzog8QgASABqISE4ACgAOAB1lhbGlhc0RhdGFccmVsYXRpdmVQYXRo0hgNGRpXTlMuZGF0YU8RAl4AAAAAAl4AAgAADE1hY2ludG9zaCBIRAAAAAAAAAAAAAAAAAAAAMo84YNIKwAAAZ+DoR9IaWdobHkgZGlzdHJpYnV0ZWQgIzE5RjZDMjkucGRmAAAAAAAAAAAAAAAAAAAAAAAAAAAAAAAAAAAAAAAAAAABn2wpy09AhQAAAAAAAAAAAAEAAwAACSAAAAAAAAAAAAAAAAAAAAAJRmVybmFuZGV6AAAQAAgAAMo8cQMAAAARAAgAAMtO0AUAAAABACABn4OhAZ9YuAGfVIQBfCfoACGnogAhfFoAIXuxAAC/MQACAIFNYWNpbnRvc2ggSEQ6VXNlcnM6AGVkd2FyZHRvZGF5OgBEcm9wYm94OgBQb2x5VToAQ09NUDUzMjM6AFRlYW1Qcm9qZWN0OgBTZWxlY3RlZFBhcGVyOgBGZXJuYW5kZXo6AEhpZ2hseSBkaXN0cmlidXRlZCAjMTlGNkMyOS5wZGYAAA4ATgAmAEgAaQBnAGgAbAB5ACAAZABpAHMAdAByAGkAYgB1AHQAZQBkACAAWABRAHUAZQByAHkAIAB3AGkAdABoACAARABYAFEALgBwAGQAZgAPABoADABNAGEAYwBpAG4AdABvAHMAaAAgAEgARAASAHNVc2Vycy9lZHdhcmR0b2RheS9Ecm9wYm94L1BvbHlVL0NPTVA1MzIzL1RlYW1Qcm9qZWN0L1NlbGVjdGVkUGFwZXIvRmVybmFuZGV6L0hpZ2hseSBkaXN0cmlidXRlZCBYUXVlcnkgd2l0aCBEWFEucGRmAAATAAEvAAAVAAIAEv//AACABdIcHR4fWCRjbGFzc2VzWiRjbGFzc25hbWWjHyAhXU5TTXV0YWJsZURhdGFWTlNEYXRhWE5TT2JqZWN0XxAwRmVybmFuZGV6L0hpZ2hseSBkaXN0cmlidXRlZCBYUXVlcnkgd2l0aCBEWFEucGRm0hwdJCWiJSFcTlNEaWN0aW9uYXJ5EgABhqBfEA9OU0tleWVkQXJjaGl2ZXIACAARABYAHwAoADIANQA6ADwARQBLAFIAXQBlAGwAbwBxAHMAdgB4AHoAfACGAJMAmACgAwIDBAMJAxIDHQMhAy8DNgM/A3IDdwN6A4cDjAAAAAAAAAIBAAAAAAAAACgAAAAAAAAAAAAAAAAAAAOe}}

@inproceedings{Schmidt:2002:XBX:1287369.1287455,
	Acmid = {1287455},
	Author = {Schmidt, Albrecht and Waas, Florian and Kersten, Martin and Carey, Michael J. and Manolescu, Ioana and Busse, Ralph},
	Booktitle = {Proceedings of the 28th international conference on Very Large Data Bases},
	Date-Added = {2012-02-01 11:27:28 +0000},
	Date-Modified = {2012-02-01 11:27:28 +0000},
	Location = {Hong Kong, China},
	Numpages = {12},
	Pages = {974--985},
	Publisher = {VLDB Endowment},
	Series = {VLDB '02},
	Title = {XMark: a benchmark for XML data management},
	Url = {http://dl.acm.org/citation.cfm?id=1287369.1287455},
	Year = {2002},
	Bdsk-Url-1 = {http://dl.acm.org/citation.cfm?id=1287369.1287455},
	Bdsk-File-1 = {YnBsaXN0MDDUAQIDBAUIJidUJHRvcFgkb2JqZWN0c1gkdmVyc2lvblkkYXJjaGl2ZXLRBgdUcm9vdIABqAkKFRYXGyIjVSRudWxs0wsMDQ4RFFpOUy5vYmplY3RzV05TLmtleXNWJGNsYXNzog8QgASABqISE4ACgAOAB1lhbGlhc0RhdGFccmVsYXRpdmVQYXRo0hgNGRpXTlMuZGF0YU8RAmwAAAAAAmwAAgAADE1hY2ludG9zaCBIRAAAAAAAAAAAAAAAAAAAAMo84YNIKwAAAZ+Dnx9YTWFyayBhIGJlbmNobWFyayBmIzE5Rjc0NTAucGRmAAAAAAAAAAAAAAAAAAAAAAAAAAAAAAAAAAAAAAAAAAABn3RQy09A/AAAAAAAAAAAAAEAAwAACSAAAAAAAAAAAAAAAAAAAAAHU2NobWlkdAAAEAAIAADKPHEDAAAAEQAIAADLTtB8AAAAAQAgAZ+DnwGfWLgBn1SEAXwn6AAhp6IAIXxaACF7sQAAvzEAAgB/TWFjaW50b3NoIEhEOlVzZXJzOgBlZHdhcmR0b2RheToARHJvcGJveDoAUG9seVU6AENPTVA1MzIzOgBUZWFtUHJvamVjdDoAU2VsZWN0ZWRQYXBlcjoAU2NobWlkdDoAWE1hcmsgYSBiZW5jaG1hcmsgZiMxOUY3NDUwLnBkZgAADgBcAC0AWABNAGEAcgBrACAAYQAgAGIAZQBuAGMAaABtAGEAcgBrACAAZgBvAHIAIABYAE0ATAAgAGQAYQB0AGEAIABtAGEAbgBhAGcAZQBtAGUAbgB0AC4AcABkAGYADwAaAAwATQBhAGMAaQBuAHQAbwBzAGgAIABIAEQAEgB4VXNlcnMvZWR3YXJkdG9kYXkvRHJvcGJveC9Qb2x5VS9DT01QNTMyMy9UZWFtUHJvamVjdC9TZWxlY3RlZFBhcGVyL1NjaG1pZHQvWE1hcmsgYSBiZW5jaG1hcmsgZm9yIFhNTCBkYXRhIG1hbmFnZW1lbnQucGRmABMAAS8AABUAAgAS//8AAIAF0hwdHh9YJGNsYXNzZXNaJGNsYXNzbmFtZaMfICFdTlNNdXRhYmxlRGF0YVZOU0RhdGFYTlNPYmplY3RfEDVTY2htaWR0L1hNYXJrIGEgYmVuY2htYXJrIGZvciBYTUwgZGF0YSBtYW5hZ2VtZW50LnBkZtIcHSQloiUhXE5TRGljdGlvbmFyeRIAAYagXxAPTlNLZXllZEFyY2hpdmVyAAgAEQAWAB8AKAAyADUAOgA8AEUASwBSAF0AZQBsAG8AcQBzAHYAeAB6AHwAhgCTAJgAoAMQAxIDFwMgAysDLwM9A0QDTQOFA4oDjQOaA58AAAAAAAACAQAAAAAAAAAoAAAAAAAAAAAAAAAAAAADsQ==}}

@article{andrade2006efficiently,
	Author = {Andrade, A. and Ruberg, G. and Bai{\~a}o, F. and Braganholo, V. and Mattoso, M.},
	Date-Added = {2012-02-01 11:27:20 +0000},
	Date-Modified = {2012-02-01 11:27:20 +0000},
	Journal = {Current Trends in Database Technology--EDBT 2006},
	Pages = {150--163},
	Publisher = {Springer},
	Title = {Efficiently processing XML queries over fragmented repositories with PartiX},
	Year = {2006},
	Bdsk-File-1 = {YnBsaXN0MDDUAQIDBAUIJidUJHRvcFgkb2JqZWN0c1gkdmVyc2lvblkkYXJjaGl2ZXLRBgdUcm9vdIABqAkKFRYXGyIjVSRudWxs0wsMDQ4RFFpOUy5vYmplY3RzV05TLmtleXNWJGNsYXNzog8QgASABqISE4ACgAOAB1lhbGlhc0RhdGFccmVsYXRpdmVQYXRo0hgNGRpXTlMuZGF0YU8RAogAAAAAAogAAgAADE1hY2ludG9zaCBIRAAAAAAAAAAAAAAAAAAAAMo84YNIKwAAAZ+D2h9FZmZpY2llbnRseSBwcm9jZXNzIzE5RjdEMjAucGRmAAAAAAAAAAAAAAAAAAAAAAAAAAAAAAAAAAAAAAAAAAABn30gy09BvAAAAAAAAAAAAAEAAwAACSAAAAAAAAAAAAAAAAAAAAAHQW5kcmFkZQAAEAAIAADKPHEDAAAAEQAIAADLTtE8AAAAAQAgAZ+D2gGfWLgBn1SEAXwn6AAhp6IAIXxaACF7sQAAvzEAAgB/TWFjaW50b3NoIEhEOlVzZXJzOgBlZHdhcmR0b2RheToARHJvcGJveDoAUG9seVU6AENPTVA1MzIzOgBUZWFtUHJvamVjdDoAU2VsZWN0ZWRQYXBlcjoAQW5kcmFkZToARWZmaWNpZW50bHkgcHJvY2VzcyMxOUY3RDIwLnBkZgAADgBuADYARQBmAGYAaQBjAGkAZQBuAHQAbAB5ACAAcAByAG8AYwBlAHMAcwBpAG4AZwAgAFgATQBMACAAcQB1AGUAcgBpAGUAcwAgAG8AdgBlAHIAIABmAHIAYQBnAG0AZQBuAHQAZQBkAC4AcABkAGYADwAaAAwATQBhAGMAaQBuAHQAbwBzAGgAIABIAEQAEgCBVXNlcnMvZWR3YXJkdG9kYXkvRHJvcGJveC9Qb2x5VS9DT01QNTMyMy9UZWFtUHJvamVjdC9TZWxlY3RlZFBhcGVyL0FuZHJhZGUvRWZmaWNpZW50bHkgcHJvY2Vzc2luZyBYTUwgcXVlcmllcyBvdmVyIGZyYWdtZW50ZWQucGRmAAATAAEvAAAVAAIAEv//AACABdIcHR4fWCRjbGFzc2VzWiRjbGFzc25hbWWjHyAhXU5TTXV0YWJsZURhdGFWTlNEYXRhWE5TT2JqZWN0XxA+QW5kcmFkZS9FZmZpY2llbnRseSBwcm9jZXNzaW5nIFhNTCBxdWVyaWVzIG92ZXIgZnJhZ21lbnRlZC5wZGbSHB0kJaIlIVxOU0RpY3Rpb25hcnkSAAGGoF8QD05TS2V5ZWRBcmNoaXZlcgAIABEAFgAfACgAMgA1ADoAPABFAEsAUgBdAGUAbABvAHEAcwB2AHgAegB8AIYAkwCYAKADLAMuAzMDPANHA0sDWQNgA2kDqgOvA7IDvwPEAAAAAAAAAgEAAAAAAAAAKAAAAAAAAAAAAAAAAAAAA9Y=}}

@article{kling2010distributed,
	Author = {Kling, P. and Ozsu, M.T. and Daudjee, K.},
	Date-Added = {2012-02-01 11:27:20 +0000},
	Date-Modified = {2012-02-01 11:27:20 +0000},
	Journal = {University of Waterloo, Tech. Rep. CS-2010-02},
	Title = {Distributed XML query processing: Fragmentation, localization and pruning},
	Year = {2010},
	Bdsk-File-1 = {YnBsaXN0MDDUAQIDBAUIJidUJHRvcFgkb2JqZWN0c1gkdmVyc2lvblkkYXJjaGl2ZXLRBgdUcm9vdIABqAkKFRYXGyIjVSRudWxs0wsMDQ4RFFpOUy5vYmplY3RzV05TLmtleXNWJGNsYXNzog8QgASABqISE4ACgAOAB1lhbGlhc0RhdGFccmVsYXRpdmVQYXRo0hgNGRpXTlMuZGF0YU8RAqAAAAAAAqAAAgAADE1hY2ludG9zaCBIRAAAAAAAAAAAAAAAAAAAAMo84YNIKwAAAZ+Dhh9EaXN0cmlidXRlZCBYTUwgcXVlIzE5RjdGNzMucGRmAAAAAAAAAAAAAAAAAAAAAAAAAAAAAAAAAAAAAAAAAAABn39zy09B/AAAAAAAAAAAAAEAAwAACSAAAAAAAAAAAAAAAAAAAAAFS2xpbmcAABAACAAAyjxxAwAAABEACAAAy07RfAAAAAEAIAGfg4YBn1i4AZ9UhAF8J+gAIaeiACF8WgAhe7EAAL8xAAIAfU1hY2ludG9zaCBIRDpVc2VyczoAZWR3YXJkdG9kYXk6AERyb3Bib3g6AFBvbHlVOgBDT01QNTMyMzoAVGVhbVByb2plY3Q6AFNlbGVjdGVkUGFwZXI6AEtsaW5nOgBEaXN0cmlidXRlZCBYTUwgcXVlIzE5RjdGNzMucGRmAAAOAIIAQABEAGkAcwB0AHIAaQBiAHUAdABlAGQAIABYAE0ATAAgAHEAdQBlAHIAeQAgAHAAcgBvAGMAZQBzAHMAaQBuAGcAIABGAHIAYQBnAG0AZQBuAHQAYQB0AGkAbwBuACwAIABsAG8AYwBhAGwAaQB6AGEAdABpAG8AbgAuAHAAZABmAA8AGgAMAE0AYQBjAGkAbgB0AG8AcwBoACAASABEABIAiVVzZXJzL2Vkd2FyZHRvZGF5L0Ryb3Bib3gvUG9seVUvQ09NUDUzMjMvVGVhbVByb2plY3QvU2VsZWN0ZWRQYXBlci9LbGluZy9EaXN0cmlidXRlZCBYTUwgcXVlcnkgcHJvY2Vzc2luZyBGcmFnbWVudGF0aW9uLCBsb2NhbGl6YXRpb24ucGRmAAATAAEvAAAVAAIAEv//AACABdIcHR4fWCRjbGFzc2VzWiRjbGFzc25hbWWjHyAhXU5TTXV0YWJsZURhdGFWTlNEYXRhWE5TT2JqZWN0XxBGS2xpbmcvRGlzdHJpYnV0ZWQgWE1MIHF1ZXJ5IHByb2Nlc3NpbmcgRnJhZ21lbnRhdGlvbiwgbG9jYWxpemF0aW9uLnBkZtIcHSQloiUhXE5TRGljdGlvbmFyeRIAAYagXxAPTlNLZXllZEFyY2hpdmVyAAgAEQAWAB8AKAAyADUAOgA8AEUASwBSAF0AZQBsAG8AcQBzAHYAeAB6AHwAhgCTAJgAoANEA0YDSwNUA18DYwNxA3gDgQPKA88D0gPfA+QAAAAAAAACAQAAAAAAAAAoAAAAAAAAAAAAAAAAAAAD9g==}}

@inproceedings{bose2005xfrag,
	Author = {Bose, S. and Fegaras, L.},
	Booktitle = {Proc. of WebDB},
	Date-Added = {2012-02-01 11:27:20 +0000},
	Date-Modified = {2012-02-01 11:27:20 +0000},
	Organization = {Citeseer},
	Pages = {97--102},
	Title = {XFrag: A query processing framework for fragmented XML data},
	Year = {2005},
	Bdsk-File-1 = {YnBsaXN0MDDUAQIDBAUIJidUJHRvcFgkb2JqZWN0c1gkdmVyc2lvblkkYXJjaGl2ZXLRBgdUcm9vdIABqAkKFRYXGyIjVSRudWxs0wsMDQ4RFFpOUy5vYmplY3RzV05TLmtleXNWJGNsYXNzog8QgASABqISE4ACgAOAB1lhbGlhc0RhdGFccmVsYXRpdmVQYXRo0hgNGRpXTlMuZGF0YU8RAnoAAAAAAnoAAgAADE1hY2ludG9zaCBIRAAAAAAAAAAAAAAAAAAAAMo84YNIKwAAAZ+DdB9YRnJhZyBBIHF1ZXJ5IHByb2NlIzE5RjdEMEMucGRmAAAAAAAAAAAAAAAAAAAAAAAAAAAAAAAAAAAAAAAAAAABn30My09BsAAAAAAAAAAAAAEAAwAACSAAAAAAAAAAAAAAAAAAAAAEQm9zZQAQAAgAAMo8cQMAAAARAAgAAMtO0TAAAAABACABn4N0AZ9YuAGfVIQBfCfoACGnogAhfFoAIXuxAAC/MQACAHxNYWNpbnRvc2ggSEQ6VXNlcnM6AGVkd2FyZHRvZGF5OgBEcm9wYm94OgBQb2x5VToAQ09NUDUzMjM6AFRlYW1Qcm9qZWN0OgBTZWxlY3RlZFBhcGVyOgBCb3NlOgBYRnJhZyBBIHF1ZXJ5IHByb2NlIzE5RjdEMEMucGRmAA4AbAA1AFgARgByAGEAZwAgAEEAIABxAHUAZQByAHkAIABwAHIAbwBjAGUAcwBzAGkAbgBnACAAZgByAGEAbQBlAHcAbwByAGsAIABmAG8AcgAgAGYAcgBhAGcAbQBlAG4AdABlAGQALgBwAGQAZgAPABoADABNAGEAYwBpAG4AdABvAHMAaAAgAEgARAASAH1Vc2Vycy9lZHdhcmR0b2RheS9Ecm9wYm94L1BvbHlVL0NPTVA1MzIzL1RlYW1Qcm9qZWN0L1NlbGVjdGVkUGFwZXIvQm9zZS9YRnJhZyBBIHF1ZXJ5IHByb2Nlc3NpbmcgZnJhbWV3b3JrIGZvciBmcmFnbWVudGVkLnBkZgAAEwABLwAAFQACABL//wAAgAXSHB0eH1gkY2xhc3Nlc1okY2xhc3NuYW1lox8gIV1OU011dGFibGVEYXRhVk5TRGF0YVhOU09iamVjdF8QOkJvc2UvWEZyYWcgQSBxdWVyeSBwcm9jZXNzaW5nIGZyYW1ld29yayBmb3IgZnJhZ21lbnRlZC5wZGbSHB0kJaIlIVxOU0RpY3Rpb25hcnkSAAGGoF8QD05TS2V5ZWRBcmNoaXZlcgAIABEAFgAfACgAMgA1ADoAPABFAEsAUgBdAGUAbABvAHEAcwB2AHgAegB8AIYAkwCYAKADHgMgAyUDLgM5Az0DSwNSA1sDmAOdA6ADrQOyAAAAAAAAAgEAAAAAAAAAKAAAAAAAAAAAAAAAAAAAA8Q=}}

@inproceedings{bremer2003distributing,
	Author = {Bremer, J.M. and Gertz, M.},
	Booktitle = {Proc. of WebDB},
	Date-Added = {2012-02-01 11:27:20 +0000},
	Date-Modified = {2012-02-01 11:27:20 +0000},
	Pages = {73--78},
	Title = {On distributing XML repositories},
	Year = {2003},
	Bdsk-File-1 = {YnBsaXN0MDDUAQIDBAUIJidUJHRvcFgkb2JqZWN0c1gkdmVyc2lvblkkYXJjaGl2ZXLRBgdUcm9vdIABqAkKFRYXGyIjVSRudWxs0wsMDQ4RFFpOUy5vYmplY3RzV05TLmtleXNWJGNsYXNzog8QgASABqISE4ACgAOAB1lhbGlhc0RhdGFccmVsYXRpdmVQYXRo0hgNGRpXTlMuZGF0YU8RAkwAAAAAAkwAAgAADE1hY2ludG9zaCBIRAAAAAAAAAAAAAAAAAAAAMo84YNIKwAAAZ+Dih9PbiBkaXN0cmlidXRpbmcgWE1MIzE5RjdERjEucGRmAAAAAAAAAAAAAAAAAAAAAAAAAAAAAAAAAAAAAAAAAAABn33xy09B2AAAAAAAAAAAAAEAAwAACSAAAAAAAAAAAAAAAAAAAAAGQnJlbWVyABAACAAAyjxxAwAAABEACAAAy07RWAAAAAEAIAGfg4oBn1i4AZ9UhAF8J+gAIaeiACF8WgAhe7EAAL8xAAIAfk1hY2ludG9zaCBIRDpVc2VyczoAZWR3YXJkdG9kYXk6AERyb3Bib3g6AFBvbHlVOgBDT01QNTMyMzoAVGVhbVByb2plY3Q6AFNlbGVjdGVkUGFwZXI6AEJyZW1lcjoAT24gZGlzdHJpYnV0aW5nIFhNTCMxOUY3REYxLnBkZgAOAEoAJABPAG4AIABkAGkAcwB0AHIAaQBiAHUAdABpAG4AZwAgAFgATQBMACAAcgBlAHAAbwBzAGkAdABvAHIAaQBlAHMALgBwAGQAZgAPABoADABNAGEAYwBpAG4AdABvAHMAaAAgAEgARAASAG5Vc2Vycy9lZHdhcmR0b2RheS9Ecm9wYm94L1BvbHlVL0NPTVA1MzIzL1RlYW1Qcm9qZWN0L1NlbGVjdGVkUGFwZXIvQnJlbWVyL09uIGRpc3RyaWJ1dGluZyBYTUwgcmVwb3NpdG9yaWVzLnBkZgATAAEvAAAVAAIAEv//AACABdIcHR4fWCRjbGFzc2VzWiRjbGFzc25hbWWjHyAhXU5TTXV0YWJsZURhdGFWTlNEYXRhWE5TT2JqZWN0XxArQnJlbWVyL09uIGRpc3RyaWJ1dGluZyBYTUwgcmVwb3NpdG9yaWVzLnBkZtIcHSQloiUhXE5TRGljdGlvbmFyeRIAAYagXxAPTlNLZXllZEFyY2hpdmVyAAgAEQAWAB8AKAAyADUAOgA8AEUASwBSAF0AZQBsAG8AcQBzAHYAeAB6AHwAhgCTAJgAoALwAvIC9wMAAwsDDwMdAyQDLQNbA2ADYwNwA3UAAAAAAAACAQAAAAAAAAAoAAAAAAAAAAAAAAAAAAADhw==}}

@inproceedings{ma2003fragmentation,
	Author = {Ma, H. and Schewe, K.D.},
	Booktitle = {Proc. of SBBD},
	Date-Added = {2012-02-01 11:27:20 +0000},
	Date-Modified = {2012-02-01 11:27:20 +0000},
	Pages = {200--214},
	Title = {Fragmentation of XML documents},
	Year = {2003},
	Bdsk-File-1 = {YnBsaXN0MDDUAQIDBAUIJidUJHRvcFgkb2JqZWN0c1gkdmVyc2lvblkkYXJjaGl2ZXLRBgdUcm9vdIABqAkKFRYXGyIjVSRudWxs0wsMDQ4RFFpOUy5vYmplY3RzV05TLmtleXNWJGNsYXNzog8QgASABqISE4ACgAOAB1lhbGlhc0RhdGFccmVsYXRpdmVQYXRo0hgNGRpXTlMuZGF0YU8RAjoAAAAAAjoAAgAADE1hY2ludG9zaCBIRAAAAAAAAAAAAAAAAAAAAMo84YNIKwAAAZ+DiB9GcmFnbWVudGF0aW9uIG9mIFhNIzE5RjgwNjIucGRmAAAAAAAAAAAAAAAAAAAAAAAAAAAAAAAAAAAAAAAAAAABn4Biy09CFAAAAAAAAAAAAAEAAwAACSAAAAAAAAAAAAAAAAAAAAACTWEAEAAIAADKPHEDAAAAEQAIAADLTtGUAAAAAQAgAZ+DiAGfWLgBn1SEAXwn6AAhp6IAIXxaACF7sQAAvzEAAgB6TWFjaW50b3NoIEhEOlVzZXJzOgBlZHdhcmR0b2RheToARHJvcGJveDoAUG9seVU6AENPTVA1MzIzOgBUZWFtUHJvamVjdDoAU2VsZWN0ZWRQYXBlcjoATWE6AEZyYWdtZW50YXRpb24gb2YgWE0jMTlGODA2Mi5wZGYADgBGACIARgByAGEAZwBtAGUAbgB0AGEAdABpAG8AbgAgAG8AZgAgAFgATQBMACAAZABvAGMAdQBtAGUAbgB0AHMALgBwAGQAZgAPABoADABNAGEAYwBpAG4AdABvAHMAaAAgAEgARAASAGhVc2Vycy9lZHdhcmR0b2RheS9Ecm9wYm94L1BvbHlVL0NPTVA1MzIzL1RlYW1Qcm9qZWN0L1NlbGVjdGVkUGFwZXIvTWEvRnJhZ21lbnRhdGlvbiBvZiBYTUwgZG9jdW1lbnRzLnBkZgATAAEvAAAVAAIAEv//AACABdIcHR4fWCRjbGFzc2VzWiRjbGFzc25hbWWjHyAhXU5TTXV0YWJsZURhdGFWTlNEYXRhWE5TT2JqZWN0XxAlTWEvRnJhZ21lbnRhdGlvbiBvZiBYTUwgZG9jdW1lbnRzLnBkZtIcHSQloiUhXE5TRGljdGlvbmFyeRIAAYagXxAPTlNLZXllZEFyY2hpdmVyAAgAEQAWAB8AKAAyADUAOgA8AEUASwBSAF0AZQBsAG8AcQBzAHYAeAB6AHwAhgCTAJgAoALeAuAC5QLuAvkC/QMLAxIDGwNDA0gDSwNYA10AAAAAAAACAQAAAAAAAAAoAAAAAAAAAAAAAAAAAAADbw==}}

@inproceedings{ma2005heuristic,
	Author = {Ma, H. and Schewe, K.D.},
	Booktitle = {Proc. of CAiSE},
	Date-Added = {2012-02-01 11:27:20 +0000},
	Date-Modified = {2012-02-01 11:27:20 +0000},
	Pages = {131--136},
	Title = {Heuristic horizontal XML fragmentation},
	Year = {2005},
	Bdsk-File-1 = {YnBsaXN0MDDUAQIDBAUIJidUJHRvcFgkb2JqZWN0c1gkdmVyc2lvblkkYXJjaGl2ZXLRBgdUcm9vdIABqAkKFRYXGyIjVSRudWxs0wsMDQ4RFFpOUy5vYmplY3RzV05TLmtleXNWJGNsYXNzog8QgASABqISE4ACgAOAB1lhbGlhc0RhdGFccmVsYXRpdmVQYXRo0hgNGRpXTlMuZGF0YU8RAlIAAAAAAlIAAgAADE1hY2ludG9zaCBIRAAAAAAAAAAAAAAAAAAAAMo84YNIKwAAAZ+DiB9IZXVyaXN0aWMgaG9yaXpvbnRhIzE5RjgxMUMucGRmAAAAAAAAAAAAAAAAAAAAAAAAAAAAAAAAAAAAAAAAAAABn4Ecy09CLwAAAAAAAAAAAAEAAwAACSAAAAAAAAAAAAAAAAAAAAACTWEAEAAIAADKPHEDAAAAEQAIAADLTtGvAAAAAQAgAZ+DiAGfWLgBn1SEAXwn6AAhp6IAIXxaACF7sQAAvzEAAgB6TWFjaW50b3NoIEhEOlVzZXJzOgBlZHdhcmR0b2RheToARHJvcGJveDoAUG9seVU6AENPTVA1MzIzOgBUZWFtUHJvamVjdDoAU2VsZWN0ZWRQYXBlcjoATWE6AEhldXJpc3RpYyBob3Jpem9udGEjMTlGODExQy5wZGYADgBWACoASABlAHUAcgBpAHMAdABpAGMAIABoAG8AcgBpAHoAbwBuAHQAYQBsACAAWABNAEwAIABmAHIAYQBnAG0AZQBuAHQAYQB0AGkAbwBuAC4AcABkAGYADwAaAAwATQBhAGMAaQBuAHQAbwBzAGgAIABIAEQAEgBwVXNlcnMvZWR3YXJkdG9kYXkvRHJvcGJveC9Qb2x5VS9DT01QNTMyMy9UZWFtUHJvamVjdC9TZWxlY3RlZFBhcGVyL01hL0hldXJpc3RpYyBob3Jpem9udGFsIFhNTCBmcmFnbWVudGF0aW9uLnBkZgATAAEvAAAVAAIAEv//AACABdIcHR4fWCRjbGFzc2VzWiRjbGFzc25hbWWjHyAhXU5TTXV0YWJsZURhdGFWTlNEYXRhWE5TT2JqZWN0XxAtTWEvSGV1cmlzdGljIGhvcml6b250YWwgWE1MIGZyYWdtZW50YXRpb24ucGRm0hwdJCWiJSFcTlNEaWN0aW9uYXJ5EgABhqBfEA9OU0tleWVkQXJjaGl2ZXIACAARABYAHwAoADIANQA6ADwARQBLAFIAXQBlAGwAbwBxAHMAdgB4AHoAfACGAJMAmACgAvYC+AL9AwYDEQMVAyMDKgMzA2MDaANrA3gDfQAAAAAAAAIBAAAAAAAAACgAAAAAAAAAAAAAAAAAAAOP}}

@inproceedings{re2004distributed,
	Author = {Re, C. and Brinkley, J. and Hinshaw, K. and Suciu, D.},
	Booktitle = {Workshop on Information Integration on the Web},
	Date-Added = {2012-02-01 11:27:20 +0000},
	Date-Modified = {2012-02-01 11:27:20 +0000},
	Pages = {116--121},
	Title = {Distributed xquery},
	Year = {2004},
	Bdsk-File-1 = {YnBsaXN0MDDUAQIDBAUIJidUJHRvcFgkb2JqZWN0c1gkdmVyc2lvblkkYXJjaGl2ZXLRBgdUcm9vdIABqAkKFRYXGyIjVSRudWxs0wsMDQ4RFFpOUy5vYmplY3RzV05TLmtleXNWJGNsYXNzog8QgASABqISE4ACgAOAB1lhbGlhc0RhdGFccmVsYXRpdmVQYXRo0hgNGRpXTlMuZGF0YU8RAg4AAAAAAg4AAgAADE1hY2ludG9zaCBIRAAAAAAAAAAAAAAAAAAAAMo84YNIKwAAAZ+DoxZEaXN0cmlidXRlZCB4cXVlcnkucGRmAAAAAAAAAAAAAAAAAAAAAAAAAAAAAAAAAAAAAAAAAAAAAAAAAAAAAAABn4H5y09CSwAAAAAAAAAAAAEAAwAACSAAAAAAAAAAAAAAAAAAAAACUmUAEAAIAADKPHEDAAAAEQAIAADLTtHLAAAAAQAgAZ+DowGfWLgBn1SEAXwn6AAhp6IAIXxaACF7sQAAvzEAAgBxTWFjaW50b3NoIEhEOlVzZXJzOgBlZHdhcmR0b2RheToARHJvcGJveDoAUG9seVU6AENPTVA1MzIzOgBUZWFtUHJvamVjdDoAU2VsZWN0ZWRQYXBlcjoAUmU6AERpc3RyaWJ1dGVkIHhxdWVyeS5wZGYAAA4ALgAWAEQAaQBzAHQAcgBpAGIAdQB0AGUAZAAgAHgAcQB1AGUAcgB5AC4AcABkAGYADwAaAAwATQBhAGMAaQBuAHQAbwBzAGgAIABIAEQAEgBcVXNlcnMvZWR3YXJkdG9kYXkvRHJvcGJveC9Qb2x5VS9DT01QNTMyMy9UZWFtUHJvamVjdC9TZWxlY3RlZFBhcGVyL1JlL0Rpc3RyaWJ1dGVkIHhxdWVyeS5wZGYAEwABLwAAFQACABL//wAAgAXSHB0eH1gkY2xhc3Nlc1okY2xhc3NuYW1lox8gIV1OU011dGFibGVEYXRhVk5TRGF0YVhOU09iamVjdF8QGVJlL0Rpc3RyaWJ1dGVkIHhxdWVyeS5wZGbSHB0kJaIlIVxOU0RpY3Rpb25hcnkSAAGGoF8QD05TS2V5ZWRBcmNoaXZlcgAIABEAFgAfACgAMgA1ADoAPABFAEsAUgBdAGUAbABvAHEAcwB2AHgAegB8AIYAkwCYAKACsgK0ArkCwgLNAtEC3wLmAu8DCwMQAxMDIAMlAAAAAAAAAgEAAAAAAAAAKAAAAAAAAAAAAAAAAAAAAzc=}}

@article{Kling:2010:GEE:1880172.1880173,
	Acmid = {1880173},
	Author = {Kling, Patrick and \"{O}zsu, M. Tamer and Daudjee, Khuzaima},
	Date-Added = {2012-02-01 11:26:39 +0000},
	Date-Modified = {2012-02-01 11:26:39 +0000},
	Issn = {2150-8097},
	Issue = {1},
	Issue_Date = {October 2010},
	Journal = {Proc. VLDB Endow.},
	Month = {October},
	Numpages = {11},
	Pages = {1--11},
	Publisher = {VLDB Endowment},
	Title = {Generating efficient execution plans for vertically partitioned XML databases},
	Url = {http://dl.acm.org/citation.cfm?id=1880172.1880173},
	Volume = {4},
	Year = {2010},
	Bdsk-Url-1 = {http://dl.acm.org/citation.cfm?id=1880172.1880173},
	Bdsk-File-1 = {YnBsaXN0MDDUAQIDBAUIJidUJHRvcFgkb2JqZWN0c1gkdmVyc2lvblkkYXJjaGl2ZXLRBgdUcm9vdIABqAkKFRYXGyIjVSRudWxs0wsMDQ4RFFpOUy5vYmplY3RzV05TLmtleXNWJGNsYXNzog8QgASABqISE4ACgAOAB1lhbGlhc0RhdGFccmVsYXRpdmVQYXRo0hgNGRpXTlMuZGF0YU8RAoQAAAAAAoQAAgAADE1hY2ludG9zaCBIRAAAAAAAAAAAAAAAAAAAAMo84YNIKwAAAZ+Dhh9HZW5lcmF0aW5nIGVmZmljaWVuIzE5RjU4QzAucGRmAAAAAAAAAAAAAAAAAAAAAAAAAAAAAAAAAAAAAAAAAAABn1jAy0m/3AAAAAAAAAAAAAEAAwAACSAAAAAAAAAAAAAAAAAAAAAFS2xpbmcAABAACAAAyjxxAwAAABEACAAAy0lPXAAAAAEAIAGfg4YBn1i4AZ9UhAF8J+gAIaeiACF8WgAhe7EAAL8xAAIAfU1hY2ludG9zaCBIRDpVc2VyczoAZWR3YXJkdG9kYXk6AERyb3Bib3g6AFBvbHlVOgBDT01QNTMyMzoAVGVhbVByb2plY3Q6AFNlbGVjdGVkUGFwZXI6AEtsaW5nOgBHZW5lcmF0aW5nIGVmZmljaWVuIzE5RjU4QzAucGRmAAAOAHAANwBHAGUAbgBlAHIAYQB0AGkAbgBnACAAZQBmAGYAaQBjAGkAZQBuAHQAIABlAHgAZQBjAHUAdABpAG8AbgAgAHAAbABhAG4AcwAgAGYAbwByACAAdgBlAHIAdABpAGMAYQBsAGwAeQAuAHAAZABmAA8AGgAMAE0AYQBjAGkAbgB0AG8AcwBoACAASABEABIAgFVzZXJzL2Vkd2FyZHRvZGF5L0Ryb3Bib3gvUG9seVUvQ09NUDUzMjMvVGVhbVByb2plY3QvU2VsZWN0ZWRQYXBlci9LbGluZy9HZW5lcmF0aW5nIGVmZmljaWVudCBleGVjdXRpb24gcGxhbnMgZm9yIHZlcnRpY2FsbHkucGRmABMAAS8AABUAAgAS//8AAIAF0hwdHh9YJGNsYXNzZXNaJGNsYXNzbmFtZaMfICFdTlNNdXRhYmxlRGF0YVZOU0RhdGFYTlNPYmplY3RfED1LbGluZy9HZW5lcmF0aW5nIGVmZmljaWVudCBleGVjdXRpb24gcGxhbnMgZm9yIHZlcnRpY2FsbHkucGRm0hwdJCWiJSFcTlNEaWN0aW9uYXJ5EgABhqBfEA9OU0tleWVkQXJjaGl2ZXIACAARABYAHwAoADIANQA6ADwARQBLAFIAXQBlAGwAbwBxAHMAdgB4AHoAfACGAJMAmACgAygDKgMvAzgDQwNHA1UDXANlA6UDqgOtA7oDvwAAAAAAAAIBAAAAAAAAACgAAAAAAAAAAAAAAAAAAAPR}}
